2896 4460
586 329 803 394 a„11-

141 498 403 585 prouunciatione
435 496 517 564 tituli
552 495 658 583 docet,
694 517 757 566 non
785 497 889 566 minus
924 504 1010 568 certe
1042 520 1148 586 nugae
1178 507 1252 569 sunt

141 623 239 690 quam
261 602 327 669 alia
346 603 457 679 multa,
481 621 563 686 quae
584 622 642 688 pro
662 601 748 669 veris
769 600 883 688 prodit.

227 704 351 772 Deinde
366 705 521 773 Daiatzko
534 741 570 754 -
585 710 680 789 uteo,
702 703 787 771 unde
802 704 938 790 digressi
953 725 1069 792 sumus,
1084 705 1251 776 redeamus

143 848 182 859 -
206 808 260 894 qui
279 823 391 875 versus
415 810 519 876 1-10
538 807 663 893 prologi
683 806 778 878 Haut
800 808 957 877 nonsatis
973 809 1142 878 cohaerere
1161 817 1252 897 putat

142 919 175 981 et
208 931 320 978 versus
343 913 426 978 l=9
449 912 478 978 ei
509 911 591 996 loco,
614 911 667 978 ubi
680 931 764 978 nunc
779 918 920 997 exstant,
934 913 1070 982 insertos
1085 935 1171 1001 esse,
1193 915 1253 983 sed

140 1014 324 1082 referendos
365 1033 438 1082 esso
475 1014 508 1081 in
546 1015 682 1102 priorem
718 1007 863 1102 Hecyrae
906 1017 1072 1102 prologum
1107 1018 1248 1103 probare

143 1117 259 1188 studet.
303 1118 388 1185 Fieri
410 1117 493 1185 enim
514 1139 579 1185 non
600 1138 697 1206 posse
719 1119 796 1186 dicit
809 1119 885 1205 quin
900 1119 1065 1188 Terentius
1080 1119 1113 1186 in
1128 1139 1166 1186 eo
1181 1141 1251 1206 pro-

141 1223 217 1307 logo
239 1221 447 1307 explicaverit
465 1219 606 1288 fabulam
628 1241 700 1290 esse
726 1243 841 1289 novam
861 1273 871 1309 ,
893 1223 968 1308 quia
989 1231 1064 1291 ante
1084 1222 1176 1290 ludos
1196 1244 1251 1311 po·

141 1327 252 1412 pulum
273 1325 355 1393 scire
376 1326 532 1412 Hecyram
546 1332 650 1394 actum
664 1327 703 1392 iri
716 1329 816 1412 poitu
830 1326 974 1410 noluerit,
995 1346 1037 1393 ue
1050 1345 1158 1393 rursus
1170 1324 1250 1395 haec

140 1429 252 1497 fabula
272 1436 468 1515 exageretur.
513 1430 595 1497 Fore
609 1437 715 1497 autem
729 1439 763 1498 ut
777 1431 904 1516 Hecyra
918 1436 1078 1516 ageretur,
1099 1430 1250 1516 populum

143 1555 209 1602 non
229 1532 300 1602 sine
313 1533 486 1601 offensione
502 1533 600 1601 celari
613 1534 765 1620 potuisse,
786 1535 850 1603 nisi
863 1534 975 1602 suisset
988 1552 1067 1618 mos,
1089 1539 1125 1599 ut
1142 1532 1251 1618 paullo

143 1643 219 1705 ante
240 1637 344 1724 ipsam
362 1636 526 1722 actionem,
549 1655 631 1723 quae
653 1638 734 1705 scitu
749 1638 930 1705 necessaria
945 1641 1062 1720 essent,
1084 1635 1117 1703 in
1132 1655 1250 1704 scaeua

145 1740 377 1830 spectatoribus
391 1748 648 1828 proponerentur.

228 1843 280 1912 Ac
300 1844 433 1930 primum
455 1845 583 1931 quidem
603 1845 688 1931 quod
704 1846 858 1914 Dalatako
880 1843 940 1912 sibi
960 1841 1128 1928 persuasit,
1150 1841 1250 1910 virum

143 1947 359 2016 doctissimum
380 1947 462 2034 fugit
481 1969 593 2035 parum
618 1949 789 2018 verisimile
816 1967 889 2016 esse
915 1946 1064 2032 populum
1090 1965 1111 2012 a
1135 1945 1252 2014 Tereu-

143 2052 189 2118 tio
209 2052 262 2118 vel
283 2053 323 2119 ab
343 2052 487 2119 Ambivio
508 2073 612 2138 paene
634 2061 777 2120 coactum
799 2071 882 2126 esse,
904 2058 939 2117 ut
960 2049 1118 2134 Hecyram
1148 2051 1251 2119 denuo

145 2161 312 2242 spectaret.
354 2155 404 2222 Hx
431 2157 663 2224 altercantem
692 2157 823 2243 prologo
850 2157 996 2244 Hecyrae
1023 2159 1103 2226 satis
1135 2155 1251 2240 conligi

144 2264 252 2346 potest
271 2261 420 2345 populum
447 2261 623 2326 Romanum
654 2281 717 2327 nou
745 2267 808 2327 tam
835 2261 939 2346 ipsam
964 2263 1123 2348 Hecyram
1157 2279 1262 2343 quarn⁴

143 2361 237 2430 ludos
259 2363 384 2428 omnino
407 2362 571 2430 scaenicos
599 2363 768 2449 spreuisse.
812 2366 924 2449 Itaque
945 2386 1009 2433 non
1036 2365 1143 2450 inepte
1165 2361 1249 2430 coni·

147 2487 220 2535 oere
233 2466 377 2533 videmur
392 2467 550 2553 Hecyram
566 2476 734 2553 postremo,
757 2467 784 2535 si
799 2469 925 2536 omnino
938 2473 1070 2555 peracta
1084 2473 1143 2549 cst,
1164 2466 1253 2532 nulla

148 2571 394 2639 eliadecuussa
415 2591 435 2636 a
456 2571 573 2657 populo
595 2579 771 2657 spectatam
794 2592 875 2657 esse,
896 2573 957 2640 nisi
972 2571 1057 2656 quod
1071 2576 1145 2657 post
1158 2568 1249 2636 ludos

150 2674 315 2743 scaenicos
337 2693 397 2742 uec
418 2675 617 2741 lunambulor
644 2695 704 2742 nec
730 2674 924 2760 gladiatores
954 2695 1014 2741 nec
1039 2673 1164 2759 pugiles
1192 2689 1252 2738 nec

146 2779 212 2845 alia
235 2777 302 2845 eiua
325 2777 410 2845 modi
430 2777 552 2845 ludicra
573 2778 690 2863 populo
712 2778 787 2844 data
810 2786 891 2845 sunt.
935 2778 1015 2844 Num
1031 2776 1180 2843 credibile
1195 2780 1253 2859 est,

10 2887 11 2970 l
47 2919 50 2924 ·
146 2882 239 2949 aliter
257 2881 392 2948 futumm
412 2880 521 2965 fuisse,
543 2887 578 2946 ut
597 2879 733 2967 populus
754 2901 909 2966 nugarum
934 2880 1059 2946 illarum
1086 2876 1253 2964 cupidissi-

146 3005 216 3052 mus
237 2983 384 3068 idemque
404 2984 438 3050 in
459 2982 541 3050 ludis
565 2982 721 3050 scaenicis
744 2982 926 3069 spectandis
954 2981 1120 3050 fastidiens
1147 2980 1253 3064 Hecy-

145 3111 214 3157 ram
236 3087 327 3155 tertio
339 3087 445 3154 datam
460 3107 561 3172 usque
575 3086 617 3153 ad
632 3087 726 3154 linem
748 3093 915 3171 spectaret,
937 3106 1007 3152 curn
1027 3085 1060 3151 in
1076 3103 1124 3167 ca,
1139 3083 1252 3167 quibus
1300 3139 1302 3142 .

146 3192 284 3259 maxime
306 3191 523 3275 delectaretur,
545 3191 684 3257 intentus
706 3188 812 3256 esset?
848 3188 1002 3274 Denique,
1024 3195 1059 3253 ut
1080 3205 1143 3252 uno
1157 3184 1252 3251 verbo

150 3296 268 3379 dicam,
289 3316 352 3363 uon
373 3301 408 3362 ut
428 3294 564 3381 populus
587 3293 660 3360 dolo
682 3292 818 3377 quodam
840 3291 933 3375 quasi
953 3297 1081 3358 coactus
1108 3293 1253 3374 spectare

149 3399 313 3484 inciperet,
336 3398 394 3466 sed
415 3405 450 3465 ut
470 3416 572 3481 usque
592 3395 635 3463 ad
655 3396 751 3462 finem
772 3395 975 3477 auscultaret,
990 3392 1139 3459 Terentio
1157 3408 1253 3474 agen-

150 3503 225 3570 dum
247 3509 325 3569 erat.
346 3536 387 3551 -
410 3500 476 3567 Sed
489 3490 554 3567 iam
570 3499 611 3567 ad
626 3501 790 3585 prologum
806 3499 901 3566 Haut
918 3497 1083 3564 redeamus
1099 3500 1131 3561 et
1150 3501 1253 3560 utrum

148 3625 261 3673 versus
284 3607 387 3674 1-10
407 3605 490 3670 inter
512 3623 547 3671 se
569 3602 739 3670 cohaerere
760 3602 927 3669 videantur
940 3618 1041 3667 necne
1058 3595 1253 3681 inquiramus

148 3728 284 3778 necesse
302 3715 361 3779 cst.
405 3707 495 3788 Quod
511 3707 654 3775 versibus
678 3708 761 3773 1-2
777 3705 893 3772 dictum
912 3703 950 3770 iri
970 3701 1168 3788 promittitur,
1189 3718 1255 3783 ,cur

147 3813 249 3900 partis
272 3811 341 3879 seni
362 3815 457 3898 poita
472 3810 602 3894 dederit,
625 3827 706 3894 quae
723 3815 796 3876 sunt
810 3803 1077 3889 adolescentium‘,
1099 3807 1164 3869 toto
1183 3821 1255 3888 pro·

147 3920 222 4002 logo
244 3915 351 3987 doceri
373 3923 404 3982 et
424 3914 623 4002 potissimum
650 3911 774 3997 idagi,
796 3916 832 3977 ut
863 3907 991 3975 Ambiri
1022 3907 1107 3974 senis
1140 3923 1256 3974 caussa

148 4040 295 4090 caussam
319 4018 447 4086 Terenti
468 4019 584 4086 iustam
609 4035 681 4088 esse
704 4019 901 4103 spectatores
928 4010 1066 4079 animum
1094 4007 1254 4093 inducant,
