2896 4460
570 299 780 368 ...17-

120 463 316 550 prehendere
337 475 401 532 nou
421 485 561 551 possum.
604 466 792 535 Emendatio
812 466 908 552 igitur
925 467 1123 552 Rusticiana,
1145 487 1228 554 quae

119 567 239 633 nullam
261 586 321 633 uec
341 565 460 634 formae
481 579 541 635 nec
562 585 676 635 seusus
699 569 916 637 difficultatem
938 569 1042 654 habet,
1062 599 1106 618 ···
1119 589 1229 654 quam·

120 688 217 752 quam
237 688 302 734 non
328 669 439 753 ignoro
465 668 647 736 'Parentium
677 669 712 736 in
737 670 878 756 prologis
908 669 1038 738 uocibus
1069 670 1143 753 ,hic‘
1175 673 1226 738 vel

119 770 236 855 ‚poeta‘
257 776 314 837 aut
333 771 437 838 vorbis
459 771 521 854 ‚hic
541 771 667 856 noster‘,
689 771 753 848 ,hic
774 778 880 857 poeta‘
907 771 1029 857 passim
1057 771 1229 856 significari

120 909 163 922 -
185 871 256 937 sine
275 870 370 938 dubio
390 871 573 958 recipienda
601 880 659 957 est,
680 873 868 959 pracsertim
893 893 965 939 cum
986 873 1066 940 nihil
1093 874 1147 959 sit,
1175 894 1230 941 eur

120 974 489 1058 credamusTereutium,
511 973 597 1059 apud
607 993 701 1058 quem
722 994 814 1041 usum
836 974 1102 1042 substantivorum
1122 976 1157 1041 in
1170 984 1227 1059 ,or‘

120 1071 333 1142 desinentium
354 1076 538 1160 longissime
553 1082 663 1161 patere
683 1076 829 1160 vidimus,
849 1095 961 1145 vocem
981 1075 1070 1143 illam
1096 1077 1139 1144 ad
1165 1076 1230 1145 dic·

121 1174 240 1243 tionem
259 1176 445 1243 variandam
465 1196 529 1243 non
550 1176 742 1248 adhibuisse.

205 1277 325 1345 Versus
346 1279 472 1347 25-28
493 1278 642 1362 leguntur
662 1278 696 1345 in
717 1279 862 1347 omuibus
884 1279 951 1346 fere
977 1278 1139 1348 codicibus
1166 1279 1229 1348 sicr

227 1377 316 1462 ‚tium
337 1377 471 1464 primum
493 1397 565 1445 eam
585 1399 683 1464 agere
704 1381 796 1466 coepi
816 1379 959 1467 pugilum
980 1378 1090 1467 gloria,

163 1479 205 1546 26
226 1479 415 1546 Funambuli
437 1479 550 1546 eodem
570 1481 709 1548 accessit
729 1481 935 1567 exspectatio,

130 1653 133 1658 ,
227 1579 382 1650 Comitum
402 1587 586 1665 conventus,
607 1580 754 1666 studium,
777 1584 897 1651 clamor.
908 1581 1074 1650 mulierum

227 1683 413 1766 Fecerant
434 1686 509 1749 anto
530 1689 654 1768 tempus
675 1685 795 1752 exirem
815 1685 922 1756 forat

205 1783 367 1854 Bentleius
395 1784 510 1852 seriem
535 1784 687 1854 orationis
715 1807 810 1855 versu
836 1787 889 1856 26.
920 1785 1022 1853 sensit
1045 1783 1231 1871 interrumpi

121 1891 154 1952 et
175 1887 333 1970 ‚accessit‘
352 1886 386 1952 in
406 1885 583 1970 ,accedens‘
604 1888 719 1954 mutari
744 1888 846 1958 iussit
890 1887 955 1954 Sed
981 1886 1080 1953 uerba
1106 1885 1230 1962 ,eodem

122 1989 270 2056 amessit‘
291 1989 345 2055 vel
364 1986 552 2073 accedens,
573 1993 643 2056 utut
663 1991 819 2075 leguntur,
841 1987 966 2056 etiamsi
986 1987 1090 2056 miuus
1111 1988 1151 2054 ab
1167 1987 1230 2054 ele·

123 2089 235 2173 gantia
254 2090 385 2159 Terenti
411 2095 616 2163 abhorrerent
630 2094 797 2176 minusque
819 2097 928 2176 aperte
939 2089 1231 2175 interpretationem

123 2210 258 2260 eversu
279 2196 309 2262 4.
331 2197 456 2282 prologi
481 2197 595 2282 prioris
622 2194 790 2281 repetitam
816 2191 1006 2276 indicarent,
1038 2191 1231 2276 aequitatem

123 2298 157 2359 et
178 2296 421 2365 concinnitatem
442 2299 652 2366 membrorum
672 2295 850 2364 sententiae
870 2294 917 2360 ita
936 2294 1174 2377 interrumpunt,
1196 2298 1234 2358 ut

124 2396 252 2464 tolerari
273 2400 490 2485 nonpossint.
533 2401 646 2484 ltaque
672 2397 863 2466 versiculum
889 2403 1032 2463 nostrum
1057 2393 1232 2461 Grautoflio

125 2505 253 2567 auctore
274 2521 296 2566 a
317 2501 526 2570 fleckeiseno
546 2507 633 2568 recte
654 2499 744 2567 uncis
764 2499 921 2565 inclusum
935 2515 1009 2564 esse
1022 2503 1108 2581 puto,
1123 2515 1231 2579 quam·

124 2621 220 2686 quam
241 2622 305 2670 nou
324 2603 437 2686 habeo,
459 2602 536 2688 quid
557 2603 671 2678 dicam,
693 2621 749 2669 cur
770 2621 791 2666 a
810 2598 959 2667 Terentio
980 2597 1094 2664 iterum
1112 2597 1230 2663 mentio

125 2703 300 2772 funambuli
319 2705 405 2773 facta
425 2725 489 2773 oon
511 2705 562 2784 sit,
582 2705 636 2789 qui
657 2702 857 2770 funambulus
872 2702 905 2768 in
919 2699 1024 2786 priore
1037 2698 1170 2786 prologo
1185 2696 1230 2764 di·

125 2808 219 2876 sertis
240 2808 345 2874 verbis
366 2827 482 2874 caussa
508 2812 640 2874 exactae
665 2806 812 2892 Hecyrae
836 2803 1024 2884 nominatur,
1055 2799 1119 2866 nisi
1153 2798 1233 2868 forte

125 2909 229 2978 medis
251 2929 369 2977 morem
389 2908 498 2992 fuisse,
519 2914 555 2975 ut
580 2928 644 2975 una
670 2927 742 2974 cum
766 2904 951 2972 funambulo
978 2902 1075 2970 etiam
1103 2900 1230 2986 pugiles

125 3011 272 3096 aliaeque
292 3031 344 3080 res
370 3010 513 3079 ludicrae
534 3011 728 3078 offerrentur.
772 3006 861 3087 Quae
883 3025 954 3072 cum
975 3003 1021 3070 ita
1046 3003 1124 3086 sint,
1151 3001 1233 3069 nibil

123 3109 327 3201 impediebat,
349 3113 516 3198 quominus
535 3113 570 3179 in
595 3112 696 3180 altero
722 3110 854 3196 prologo
878 3104 1054 3201 funambuli
1078 3105 1149 3172 loco
1174 3123 1231 3190 pu·

123 3217 207 3303 giles
227 3223 427 3304 ponerentur.

208 3319 259 3385 De
279 3339 375 3386 versu
395 3320 436 3387 27
458 3315 536 3403 quid
556 3315 668 3398 dicam,
689 3332 791 3400 propo
808 3311 927 3381 nescio.
969 3308 1134 3378 Bentleius
1148 3309 1234 3377 euim

125 3421 169 3490 ud
187 3419 272 3489 huuc
292 3440 420 3488 versum
440 3417 590 3486 adnoarr
613 3435 752 3501 „repone
773 3466 782 3486 .
805 3468 812 3487 .
835 3463 844 3483 .
867 3466 875 3485 .
898 3411 1066 3493 studium,“
1087 3410 1122 3476 in
1143 3417 1232 3478 textu

125 3530 231 3591 autem
263 3523 379 3608 legitur
420 3521 601 3607 ,strepitus‘
648 3518 743 3586 Hanc
767 3515 893 3584 Bentlei
924 3513 1135 3582 coniectruam
1178 3513 1235 3580 uel

124 3624 293 3694 leodoueuu
329 3625 363 3692 in
407 3630 563 3711 apparatu
599 3621 706 3689 critico
742 3619 783 3686 ab
823 3614 1071 3702 Umplenbachio
1105 3612 1233 3680 conlato

83 3753 89 3764 ·
126 3727 252 3795 silentio
273 3726 480 3816 praetermitti
505 3723 651 3794 admiror.
693 3719 788 3807 Apud
810 3716 1062 3810 Westerlrouium
1082 3713 1146 3796 (cd
1168 3714 1233 3782 fab.

129 3829 256 3899 Terent.
278 3850 311 3915 p.
328 3826 392 3914 13.)
405 3828 534 3912 legitur:
549 3825 583 3893 in
596 3846 627 3895 v.
642 3826 695 3894 27.
737 3821 900 3889 Bentleius
916 3817 1050 3886 coniecit
1063 3815 1236 3900 ‚studium‘.

125 3928 215 4002 ldem
236 3927 279 3998 ad
299 3950 329 3999 v.
352 3931 404 3998 at.
426 3927 567 4012 adacta,
579 3927 734 4013 ,Donatus
755 3924 788 3992 iu
803 3923 891 3992 libris
904 3917 1065 4007 ,studium‘
1073 3916 1234 4078 arepperit,
