2896 4460
618 313 807 377 ..6-

159 485 216 573 (ad
226 484 330 552 Plauti
344 484 482 555 Trinum.
497 503 528 554 r.
543 481 588 569 8.)
610 481 665 570 qui
685 482 750 550 alia
778 487 865 550 certa
890 481 983 551 huius
1010 502 1087 552 usus
1114 486 1261 572 exempla

158 587 212 675 (cf.
234 587 276 655 ad
296 586 359 658 llil.
373 608 404 658 v.
424 587 489 670 86.)
510 587 611 672 offen,
632 605 819 674 persuasum
840 593 889 655 est
909 585 1135 655 nominativum
1154 587 1260 674 potius

158 712 253 778 quam
286 690 428 759 dativum
448 710 470 756 a
489 695 584 776 poeta
611 709 649 757 eo
675 689 806 757 consilio
827 690 965 776 positum
997 709 1070 759 esse
1102 690 1135 757 in
1169 691 1259 758 initio

157 814 279 878 versus,
299 801 336 861 ut
356 791 517 879 emphasis
544 798 707 879 augeatur.
750 792 841 873 Quod
867 793 1003 878 denique
1031 794 1260 864 Fleckeisenus

159 917 216 985 pro
231 896 325 974 ,huic‘
341 894 455 981 ,huice‘
476 895 603 982 scripsit
623 901 656 962 et
668 894 739 981 ,est‘
752 895 956 981 transposuit,
967 916 1157 983 quamquam
1166 918 1260 966 nemo

159 1000 280 1077 nescit,
303 1006 336 1067 et
362 1019 455 1085 quam
478 1018 577 1086 saepe
596 996 709 1066 ultima
730 999 858 1084 syllaba
877 999 962 1068 illius
978 999 1171 1087 pronominis
1186 1021 1207 1067 a
1223 999 1260 1068 li·

161 1103 273 1172 brariis
288 1104 456 1170 obscurata
468 1100 522 1189 (cl.
537 1101 669 1173 Ritschl.
684 1102 804 1188 proleg.
819 1121 851 1187 p.
869 1100 955 1190 173.)
971 1111 1003 1171 et
1016 1123 1110 1190 quam
1124 1124 1261 1190 magnae
1360 1162 1364 1172 ,

160 1206 269 1276 turbae
290 1206 323 1273 in
344 1205 543 1291 antiquorum
557 1211 720 1292 poctarum
734 1203 894 1272 codicibus
908 1212 978 1290 ,est‘
993 1207 1081 1275 rcrbi
1093 1206 1262 1294 aphaeresi

164 1316 290 1379 creatae
317 1308 381 1377 sint
409 1310 444 1388 (l.
472 1329 499 1380 c.
527 1329 558 1395 p.
588 1306 683 1396 loa),
711 1313 816 1374 tamen
852 1307 943 1394 mihi,
969 1310 998 1377 ai
1028 1311 1078 1378 his
1101 1309 1261 1396 legitumis

162 1413 284 1483 scilicet
304 1411 451 1481 remediis
473 1411 516 1479 ad
536 1412 658 1480 hiatum
689 1411 861 1480 curandum
894 1417 1008 1490 uterer,
1034 1412 1136 1481 levius
1164 1433 1261 1500 agere

162 1518 294 1590 viderer.
342 1518 441 1585 Immo
473 1535 589 1603 operae
616 1521 701 1584 certe
727 1516 861 1603 pretium
893 1521 943 1592 est
968 1514 1001 1582 in
1040 1516 1145 1585 hiatus
1166 1537 1259 1585 usum

158 1644 180 1690 a
205 1621 354 1690 Terentio
381 1619 559 1689 admissum
589 1619 752 1705 aliquanto
788 1617 966 1687 accuratius
986 1617 1155 1704 inquirere.
1198 1621 1260 1688 Nc·

158 1747 219 1812 que
246 1746 306 1812 ego
333 1723 474 1812 quidem,
509 1729 544 1791 ut
567 1723 631 1790 iam
650 1722 769 1790 dictmn
788 1728 846 1800 est.
870 1742 934 1808 qua
952 1723 1074 1791 ratione
1094 1723 1261 1791 Terentius

158 1831 191 1899 in
213 1830 355 1898 versibus
376 1827 503 1897 omnino
523 1827 611 1895 hiatu
632 1846 709 1894 usus
724 1827 779 1913 sit,
801 1825 1016 1913 disputaturus
1031 1847 1110 1903 sum,
1126 1825 1262 1895 sednon

159 1954 221 2020 ago
243 1932 495 2020 inpraesentia,
520 1930 584 1999 nisi
608 1937 643 1998 ut
667 1929 804 2000 breviter
825 1930 1024 2016 compleatur,
1046 1928 1153 2014 quoad
1166 1930 1262 1997 licen·

159 2037 204 2104 tia
224 2037 281 2104 illa
301 2037 334 2103 in
356 2035 491 2104 senariis
512 2032 712 2102 Terentianis
734 2031 875 2101 admissa
901 2051 974 2100 esse
1000 2031 1077 2100 mihi
1104 2032 1260 2104 rideatur.

158 2140 258 2221 Quum
283 2139 365 2207 enim
387 2138 492 2206 histos
515 2137 557 2205 sit
577 2136 715 2221 licentia,
737 2154 819 2221 quae
840 2135 902 2202 nisi
922 2135 1162 2205 condicionibus
1195 2137 1261 2222 qui·
1384 2137 1386 2144 '

162 2244 297 2312 busdam
318 2241 554 2311 excusationem
574 2260 638 2308 non
659 2239 784 2324 habeat,
805 2239 865 2307 has
887 2239 1088 2308 condiciones
1115 2239 1263 2327 indagari

145 2353 290 2434 oportet.
332 2345 405 2414 Jam
425 2364 500 2412 vero
522 2345 550 2413 si
572 2343 714 2430 Liebigio
736 2343 817 2411 duce
839 2341 892 2428 (cf.
918 2343 959 2410 de
986 2343 1075 2413 hiatu
1100 2345 1133 2411 in
1161 2363 1261 2416 rerss.

163 2449 373 2518 Terentianis.
385 2449 472 2519 Vrat.
497 2448 604 2533 1848.)
627 2447 744 2516 codicis
761 2446 905 2514 Bembini
926 2447 1143 2515 auctoritatem
1162 2447 1263 2516 secuti

162 2554 304 2623 senarios
326 2552 544 2636 Teuranus,
566 2551 620 2618 ubi
642 2556 747 2618 exstat
767 2550 882 2636 hiatus,
904 2549 1140 2637 perlustramus,
1162 2549 1264 2638 prima

163 2655 290 2726 Terenti
311 2658 364 2725 lex
385 2656 419 2724 in
440 2655 530 2723 hiatu
551 2653 747 2725 admittendo
768 2654 848 2722 haec
870 2661 928 2738 est,
944 2660 978 2721 ut
990 2675 1092 2740 pausa
1107 2655 1264 2740 quaedam

159 2759 433 2848 pronunciationis
454 2757 537 2828 inter
558 2779 615 2827 eas
636 2779 741 2845 voces,
764 2778 846 2843 quae
867 2757 986 2825 hiatum
1001 2753 1147 2845 efficiunt,
1169 2758 1265 2826 inter·

159 2865 269 2934 cedatz
292 2870 458 2951 praeterea
484 2847 619 2949 priorem
648 2863 804 2951 syllabam
830 2862 863 2929 in
888 2863 1017 2948 longam
1042 2864 1183 2930 vocalem
1209 2869 1265 2930 aut

161 2967 193 3034 in
214 2988 251 3036 m
273 2974 499 3035 consonantem
522 2969 627 3053 (quae,
647 2974 683 3035 ut
709 2965 899 3035 antecedens
926 2966 1045 3034 vocalis
1073 2965 1263 3035 irrationalis

160 3071 225 3153 fiat,
254 3069 354 3138 efficit
375 3069 425 3147 ,ct
448 3069 624 3138 Buecheler
645 3071 665 3141 l.
689 3091 715 3140 c.
737 3092 769 3156 p.
792 3071 856 3152 24.)
883 3068 1029 3138 desinere
1049 3089 1183 3138 necesse
1204 3076 1263 3141 est.

161 3174 209 3242 Ac
230 3173 362 3260 primum
385 3173 512 3259 quidem
533 3173 567 3241 in
588 3173 828 3261 penthemimeri
850 3192 993 3259 caesura,
1020 3173 1074 3241 ubi
1094 3172 1263 3241 admodum

163 3297 263 3364 parra
283 3276 370 3345 vocis
392 3295 495 3364 pausa
516 3275 559 3362 fit,
581 3297 645 3344 non
667 3277 832 3345 coniuncta
854 3296 924 3344 cum
945 3296 1151 3365 personarum
1164 3283 1263 3344 muta-

164 3381 250 3448 tione
271 3384 391 3447 tantum
414 3379 465 3448 bis·
483 3379 655 3447 invenitur:
678 3380 775 3450 Andr.
792 3400 821 3451 v.
838 3382 909 3464 804,
930 3380 985 3447 ubi
999 3380 1069 3448 sine
1084 3379 1179 3447 dubio
1194 3400 1265 3447 cum

163 3481 372 3552 Fleckeiseno
394 3481 519 3560 ,satine‘
539 3483 737 3550 scribendum
759 3487 818 3567 est,
839 3481 892 3570 (oi.
915 3483 1047 3555 Bitschl.
1075 3482 1195 3571 proleg.
1222 3482 1265 3550 ad

163 3585 248 3657 Trio.
270 3607 302 3672 p.
325 3584 412 3674 106.)
433 3585 508 3670 quia
522 3585 627 3654 hiatus
643 3585 677 3653 in
690 3586 794 3654 verbis
808 3592 913 3674 ‚pacto
927 3587 988 3656 hic‘
1002 3589 1123 3656 nullam
1136 3606 1264 3675 prorsus

162 3689 398 3757 excusationem
421 3688 526 3776 hahet,
548 3696 581 3758 et
600 3689 634 3757 in
654 3691 732 3762 Hec.
754 3712 784 3762 v.
807 3693 858 3776 68,
879 3689 964 3760 unde
984 3712 1048 3759 uon
1062 3691 1164 3759 minus
1180 3697 1264 3758 certe

163 3792 268 3859 hiatus
290 3790 478 3861 auferendus
501 3799 558 3878 cat,
574 3813 644 3861 cum
659 3793 795 3880 simplex
809 3793 875 3878 ,se‘,
891 3793 975 3879 quod
989 3793 1159 3862 Bembinus
1174 3793 1264 3861 oilert

164 3902 196 3962 et
216 3901 301 3963 certo
323 3916 362 3963 cr
383 3895 477 3982 ‚sese‘
499 3905 677 3985 conuptum
698 3903 757 3983 est,
778 3897 865 3964 nullo
887 3896 979 3966 modo
1001 3897 1065 3966 levi
1085 3897 1262 3983 interpunc-

157 3997 246 4067 tione
268 3997 394 4068 delcndi
422 3999 534 4088 possit
576 4002 619 4071 ut
645 4001 765 4071 hiatum
791 4001 824 4070 iu
851 4001 931 4071 hun.
962 4017 1013 4072 vr.
1041 4001 1104 4069 409
1131 4006 1164 4067 et
1189 4000 1261 4084 697,
