2896 4460
607 378 816 444 ..22-

161 553 257 632 poeta
278 553 311 613 et
335 546 451 629 allas')
475 546 668 613 adversariis
693 545 886 631 respondere
913 565 978 611 non
1004 545 1141 630 potuerit
1174 546 1263 612 etin

161 650 294 734 prologo
316 669 409 732 comp
422 667 495 714 ures
515 667 569 714 res
589 648 744 733 permixte
764 655 902 713 tractare
921 647 1066 713 noluerit

220 750 315 816 dam
344 768 421 816 vero
458 755 563 815 utrum
589 769 706 815 nomen
730 749 861 816 fabulae
885 749 919 814 in
951 749 1082 832 prologo
1110 749 1267 814 nominari

161 857 307 938 oporteat
326 869 438 926 necne,
461 851 661 937 exploremus
682 870 817 918 necesse
838 856 897 919 est.
953 849 1019 916 Sed
1045 855 1120 915 ante
1144 839 1269 915 initium

161 953 305 1020 ludorum
327 959 360 1018 et
380 953 493 1018 ceteris
513 952 644 1018 ludicris
665 952 813 1018 indicatis
835 957 868 1016 et
887 951 1065 1018 nominibus
1090 950 1267 1017 fabularum

161 1073 331 1138 carumque
353 1054 539 1139 scriptorum
560 1053 776 1136 pronunciatis
796 1053 926 1118 nomina
939 1052 1115 1119 fabularum
1134 1052 1271 1118 breviter

161 1155 297 1238 quidem,
319 1155 377 1221 sed
398 1155 479 1222 satis
500 1153 673 1238 significari
692 1156 868 1238 iam‘supra
881 1153 1040 1239 proposui.
1076 1154 1168 1219 Nunc
1187 1171 1270 1236 quae

162 1255 311 1323 Donatus
333 1256 374 1322 de
394 1256 477 1322 tituli
498 1255 760 1341 pronunciatione
780 1254 924 1338 tradidit,
946 1275 1002 1321 our
1014 1253 1118 1320 minus
1140 1254 1268 1320 creden·

162 1357 204 1423 da
226 1357 300 1440 sint,
322 1356 525 1424 ostendamus
546 1375 680 1422 necesse
702 1361 766 1423 est:
788 1355 847 1422 sed
868 1377 950 1434 rem,
975 1376 1037 1439 quo
1058 1356 1162 1422 minus
1191 1354 1268 1420 milri

159 1458 194 1523 in
215 1457 443 1524 dubitationem
463 1459 572 1525 vocari
593 1477 690 1542 posse
709 1457 842 1541 videtur,
864 1476 902 1524 eo
924 1457 1050 1524 brevius
1065 1458 1266 1542 complectar.

160 1557 252 1637 Quod
274 1559 357 1624 enim
371 1559 530 1626 Dziatrko
552 1559 721 1642 contendit,
743 1565 818 1624 ante
838 1559 1011 1625 secundam
1032 1565 1065 1625 et
1078 1558 1203 1624 tertiam
1218 1577 1268 1624 ac·

159 1661 277 1726 tionem
297 1660 445 1746 Hecyrae
466 1666 499 1728 ct
519 1667 594 1727 ante
615 1661 770 1726 actionem
791 1659 1118 1726 Hautontimorumeni
1144 1659 1268 1726 titulum

159 1762 287 1828 tabulae
307 1782 371 1828 non
397 1763 639 1848 pronunciatum
665 1780 746 1844 csse,
773 1779 815 1827 ne
840 1762 999 1846 extemplo
1027 1760 1178 1826 tumultus
1204 1780 1267 1826 mo

159 1869 299 1944 veretur,
326 1884 424 1948 supra
450 1885 471 1929 a
498 1883 550 1930 mc
581 1863 660 1929 satis
686 1869 855 1930 necatum
881 1882 954 1929 esse
980 1869 1066 1947 puto.
1114 1861 1181 1928 Sed
1209 1861 1269 1928 hoc

160 1965 230 2030 loco
252 1964 433 2031 addendum
456 1971 514 2042 cst,
536 1965 570 2031 id
592 1963 677 2048 quod
697 1961 856 2031 Dziatzko
878 1964 972 2030 docet
992 1963 1088 2029 etiam
1109 1963 1182 2029 ideo
1204 1983 1268 2029 cre·

161 2065 256 2132 dibile
277 2087 342 2132 non
364 2086 446 2152 esse,
469 2067 545 2149 quia
567 2086 607 2133 cx
632 2067 727 2132 Haut
753 2066 886 2152 prologo
912 2065 1100 2149 conligimus
1127 2063 1268 2129 Terenti-

161 2187 215 2233 um
235 2186 277 2233 nc
298 2168 443 2235 timuisse
464 2167 600 2251 quidem,
622 2187 663 2233 ne
684 2166 792 2234 fabula
808 2168 865 2234 illa
880 2173 1075 2251 exagcrctur,
1090 2185 1160 2230 cum
1180 2165 1215 2230 in
1229 2184 1285 2236 eo.

158 2275 313 2353 appareat
325 2275 453 2354 poetam
472 2289 551 2355 prae
572 2267 711 2336 ecferre
731 2269 871 2353 speciem
892 2287 1028 2350 magnae
1049 2265 1266 2336 confidentiae.

159 2370 365 2436 Dniatzkonis
389 2371 547 2437 sententia
568 2369 728 2448 dominum
743 2369 850 2454 gregis
864 2368 1000 2436 tortasse
1014 2367 1268 2453 pronuntiarIsse

157 2472 281 2537 titulum
305 2469 404 2537 futilis
441 2477 491 2538 est
514 2477 610 2554 atque
643 2471 869 2540 commenticia.
918 2469 1023 2548 Quid?
1070 2470 1184 2534 Nonne
1208 2469 1266 2538 Du.

158 2592 250 2638 suam
277 2573 489 2639 coniecturam
519 2573 624 2658 potius
657 2572 827 2639 defendere
860 2571 983 2637 videtur
1022 2589 1117 2652 quam
1148 2569 1268 2637 Donati

157 2671 316 2758 verba**),
343 2673 460 2758 quippe
482 2693 564 2758 quae
584 2675 631 2740 ita
651 2695 716 2741 non
736 2673 779 2738 ad
800 2673 933 2758 primam
954 2671 1110 2738 actionem
1138 2670 1264 2737 fabulae

158 2773 268 2841 reterri
288 2793 386 2858 posse
407 2775 584 2861 videantur,
605 2783 640 2842 ut
661 2775 704 2842 ad
717 2776 818 2841 multa
831 2774 1006 2860 posteriora
1020 2779 1162 2858 tempora
1177 2792 1266 2858 spec·

158 2876 248 2942 tent‘?
269 2911 311 2923 -

243 2993 308 3060 Sed
329 2994 370 3060 de
390 2995 492 3062 altera
513 2995 630 3062 Donati
651 2996 823 3071 sententia,
850 3013 933 3079 quac
960 2992 1022 3059 huc
1044 2999 1185 3078 spectat,
1213 2993 1264 3072 (ct.

157 3095 260 3165 Klotz.
283 3096 303 3161 l.
327 3114 354 3164 c.
377 3115 409 3180 p.
431 3097 549 3181 XVIII,
570 3098 592 3167 l.
615 3099 656 3165 23
677 3101 734 3174 ss.)
757 3116 851 3180 qnam
873 3094 957 3161 idem
978 3093 1134 3159 Dziatzko
1160 3092 1213 3178 (ci.
1242 3094 1263 3164 l.

159 3217 185 3266 c.
207 3215 287 3264 mus.
309 3196 452 3267 Rhenan.
476 3198 547 3273 XX,
570 3219 601 3282 p.
623 3197 700 3281 586)
723 3204 831 3265 contra
844 3195 1052 3262 Ritschelium
1074 3195 1216 3279 (Parerg.
1232 3215 1264 3280 p.

158 3295 246 3382 304.)
267 3295 417 3381 defendit,
439 3319 503 3366 nou
525 3305 590 3364 tarn
611 3299 724 3384 egitur,
747 3300 776 3366 si
797 3296 873 3382 quid
893 3293 996 3390 video,
1024 3316 1099 3361 num
1119 3297 1264 3364 Donatus

158 3399 285 3466 diversa
305 3418 473 3484 perperam
494 3399 678 3485 contuderit,
699 3442 742 3453 -
763 3399 848 3486 quod
869 3417 1060 3482 quamquam
1078 3397 1135 3468 Dz.
1157 3404 1263 3484 neget,

225 3585 255 3652 a)
271 3585 372 3641 liorem
391 3584 547 3642 Plautinum
566 3583 675 3642 dicendi
692 3585 796 3656 aliquid
813 3600 847 3641 ex
864 3587 925 3654 ipsa
943 3587 1036 3645 tabula
1053 3590 1162 3658 praeter
1179 3601 1259 3656 argn-

156 3674 277 3726 mentum
294 3671 330 3726 ad
348 3675 516 3739 spectatores
532 3671 677 3728 Terentius
694 3687 744 3728 sno
761 3672 819 3728 inre
837 3673 949 3742 respuit.

225 3757 269 3824 Il*)
288 3756 322 3814 ci.
339 3754 407 3812 Feb.
423 3756 532 3812 Terent
551 3757 594 3814 ed.
611 3758 700 3814 Klotz.
718 3763 783 3815 tom.
801 3764 820 3827 1,
850 3773 876 3828 p.
900 3758 973 3814 XIX.
999 3759 1017 3813 l.
1041 3757 1077 3812 et
1096 3772 1133 3813 ss.
1176 3755 1265 3812 Huius

156 3840 229 3896 modi
246 3840 315 3898 adeo
332 3841 451 3898 carmina
468 3840 505 3899 ad
522 3842 604 3899 tibias
621 3841 731 3913 fiebant,
749 3843 840 3900 uthis
858 3842 958 3900 auditis
971 3843 1048 3900 multi
1067 3843 1111 3914 [-
1124 3842 1206 3898 scilic.
1219 3841 1267 3909 qui

157 3924 276 3982 tabulam
298 3927 353 3983 iam
370 3927 480 3998 saepius
498 3932 691 4006 spectaverant
705 3921 752 4001 ¹--l
770 3943 804 3984 ex
821 3929 922 3998 populo
939 3933 1003 3986 ante
1026 3928 1172 3998 discerent,
1184 3941 1266 3997 quam

156 4009 277 4070 tabulam
295 4012 383 4070 acturi
401 4017 495 4072 essent
507 4012 635 4071 meenici.
