2896 4460
575 272 785 339 ..13-

128 459 185 506 eos
206 439 446 524 interpretatum
467 459 549 509 esse.
593 440 695 520 Quam
717 438 1007 526 interpretationem
1035 455 1144 505 omnes
1169 433 1238 502 sine

127 544 197 608 ulla
218 543 412 610 dubitatione
433 562 556 610 mecum
584 544 821 628 amplectentur,
849 542 903 627 qui
929 541 1035 626 paullo
1061 539 1238 607 accuratius

128 645 360 732 reputaverint,
388 644 464 731 quid
486 647 655 713 interesset
676 647 757 713 inter
777 648 875 713 verba
896 664 988 729 ,quae
1010 651 1106 711 esset‘
1129 647 1172 726 (v.
1195 640 1239 724 7.)

130 756 163 815 et
183 749 266 814 inter
286 768 380 833 ,quac
401 749 453 816 sit⁴
480 748 523 836 (v.
547 752 589 829 8).
633 750 843 816 Vehementer
870 754 975 815 autem
1007 753 1090 814 errat
1116 747 1161 827 is,
1186 745 1240 830 qui

129 855 261 921 verbum
281 852 441 937 ,actorem‘
461 853 495 919 in
516 853 611 923 Haut.
633 854 711 938 prol.
730 874 759 922 v.
778 855 817 920 12
831 871 856 923 s.
878 871 935 938 pro
957 856 1090 936 patrono
1105 867 1241 916 caussae

131 955 318 1042 accipiam),
346 954 420 1040 quia
442 955 509 1023 fieri
534 977 598 1024 non
612 963 727 1043 potest,
749 961 784 1022 ut
798 955 965 1022 Terentius
986 953 1161 1039 scripserit:
1179 971 1240 1037 ,me

131 1066 273 1127 actorem
294 1059 461 1126 Terentius
483 1058 591 1144 dedit‘
604 1059 677 1130 -i.
701 1079 728 1129 c.
751 1058 918 1126 Terentius
941 1077 1018 1124 suae
1040 1075 1174 1124 caussae
1185 1073 1241 1141 pa·

131 1173 258 1230 tronum
278 1182 330 1229 me
352 1182 423 1229 esse
446 1162 544 1229 voluit
572 1199 610 1212 ·-
637 1170 683 1247 ,ut
703 1162 786 1228 hanc
813 1161 986 1228 orationem
1013 1161 1048 1245 (i.
1077 1180 1104 1231 e.
1129 1159 1241 1226 vertei·

132 1264 373 1351 diguugsrede),
395 1285 489 1349 quam
511 1265 565 1331 ille
587 1263 669 1350 (scil.
691 1269 788 1351 poeta
808 1265 860 1332 vel
881 1269 968 1346 reus)
995 1262 1131 1348 scripsit,
1158 1260 1242 1328 dioe-

131 1391 208 1454 rem,
231 1375 400 1456 propterea
427 1366 511 1453 quod
536 1370 631 1436 moris
651 1370 862 1435 Romanorum
889 1388 953 1433 non
984 1373 1065 1450 erat,
1088 1372 1123 1432 ut
1141 1363 1242 1431 oratio

131 1495 154 1539 a
175 1493 230 1539 reo
253 1472 415 1538 elaborata
436 1471 604 1539 haberetur
625 1492 645 1537 a
666 1478 808 1556 patrono.
854 1471 971 1537 Vocem
992 1475 1098 1536 autem
1118 1467 1242 1552 ,oratio-

132 1575 219 1642 nem‘
238 1576 273 1641 in
293 1595 388 1642 versu
411 1577 459 1644 14.
483 1574 525 1642 ad
546 1576 650 1661 ipsam
673 1575 811 1641 fabulam
839 1593 912 1640 esse
937 1571 1151 1655 referendam,
1179 1591 1242 1636 non

133 1679 177 1746 ad
198 1679 373 1765 prologum,
397 1678 465 1745 sine
487 1679 553 1744 ulla
574 1676 759 1744 difficultate
781 1697 799 1743 e
822 1676 1047 1744 sententiarum
1068 1695 1153 1743 nexu
1168 1694 1243 1741 oon·

132 1781 252 1867 ligitur.
296 1780 407 1863 ‚Orare
427 1783 498 1867 me‘,
520 1781 621 1865 inquit
641 1781 814 1863 Ambivius,
834 1801 908 1864 ,non
929 1779 1093 1865 prologum
1108 1797 1243 1865 pronun·

134 1886 222 1952 oiare
248 1884 414 1952 Terentius
441 1883 549 1954 voluit
597 1883 664 1950 Vos
692 1889 797 1950 autem
825 1881 966 1949 iudicare
996 1881 1121 1965 fabula,
1149 1901 1243 1966 quam

133 1995 231 2076 potita
252 1987 330 2054 milri
350 1987 508 2072 agendam
530 1987 667 2072 tradidit,
690 1993 835 2072 spectata
849 1986 1016 2052 Terentius
1039 1985 1134 2071 cupit
1178 1982 1244 2050 Sed

133 2091 287 2158 facundia
307 2111 379 2157 mea
402 2111 465 2158 non
488 2091 588 2158 minor
610 2091 669 2157 erit
691 2109 784 2174 quam
808 2088 1014 2156 commoditas
1036 2091 1160 2174 poetae,
1190 2085 1244 2171 qui

132 2201 253 2282 partes,
276 2214 355 2280 quas
377 2203 505 2261 acturus
527 2214 606 2277 sum,
629 2193 776 2278 scripsit!
819 2192 945 2271 Quanta
958 2211 1033 2258 vero
1049 2191 1090 2258 sit
1110 2209 1244 2257 commo·

135 2298 222 2364 ditas
243 2305 365 2383 potitae,
389 2299 454 2364 toto
470 2299 535 2364 sere
556 2298 688 2383 prologo
709 2292 872 2362 A'mbivius
895 2293 1041 2380 explicat.

220 2401 389 2468 Jamvero
410 2398 502 2467 nobis
524 2400 566 2466 ad
588 2401 721 2466 alterum
736 2399 881 2484 Hecyrae
896 2398 1061 2484 prologum
1081 2401 1245 2463 transeun-

133 2505 220 2572 tibus
241 2505 338 2571 verba
358 2511 474 2588 ,orator
496 2503 537 2569 ad
558 2523 616 2570 vos
637 2503 731 2570 venio
753 2557 760 2573 .
785 2555 793 2572 .
817 2557 824 2573 .
847 2552 855 2571 .
886 2500 980 2568 sinite
1008 2507 1154 2567 exorator
1175 2499 1246 2567 sim‘

133 2607 302 2674 bacauda
324 2613 406 2677 sunt.
450 2607 538 2690 Vide,
562 2626 696 2691 quaeso,
724 2627 818 2692 quam
846 2605 998 2673 concinne
1021 2611 1053 2670 et
1079 2602 1245 2691 splendide

133 2716 232 2796 poeta
254 2710 417 2796 scripserit
431 2709 536 2786 ‚sinite
559 2718 704 2776 exorator
719 2711 788 2777 sim‘
809 2729 866 2795 pro
898 2706 1001 2794 ,sinite
1021 2727 1149 2775 exorem
1167 2707 1246 2788 vos‘,

135 2814 223 2900 quod
244 2814 371 2900 quidem
394 2813 497 2880 minus
518 2812 622 2880 facete
637 2812 830 2880 antecedens
847 2811 1047 2877 enunciatum
1062 2815 1178 2895 ,orator
1197 2808 1246 2896 (-.·

137 2918 327 3003 deprecator
350 2914 400 3005 [ci.
423 2917 538 2983 Festus
561 2915 610 2987 ed.
633 2916 747 2982 Miller
767 2937 798 3002 p.
824 2917 894 2984 182.
911 2913 950 2983 ci.
966 2934 996 2999 p.
1015 2909 1115 3000 199.])
1131 2912 1244 2980 advos

136 3021 211 3090 cet!
233 3028 425 3105 sequeretur.
470 3019 534 3086 Sed
555 3019 652 3086 liceat
672 3018 749 3085 mihi
770 3019 831 3086 hoc
851 3018 921 3084 loco
943 3016 984 3082 de
1013 3036 1072 3083 usu
1102 3016 1156 3101 qui
1183 3016 1245 3083 sin·

136 3125 259 3210 gularis
281 3124 409 3209 quidam
424 3129 474 3190 est
488 3122 678 3190 Terentiano
694 3121 960 3190 substantivorum
974 3119 1148 3186 verbalium
1163 3137 1246 3203 quae

136 3229 172 3295 in
193 3227 263 3312 ,tor‘
285 3226 434 3294 desinunt
455 3227 551 3294 verba
572 3227 723 3296 nonnulla
750 3225 864 3294 facere.
907 3223 966 3291 His
983 3221 1162 3290 verbalibus
1180 3241 1246 3289 nou

138 3352 211 3400 eum
233 3332 272 3398 ab
296 3330 421 3417 optimis
444 3329 645 3415 scriptoribus
667 3327 853 3414 significari,
876 3327 930 3412 qui
951 3326 1051 3393 semel
1078 3325 1244 3401 actionem,
1337 3347 1340 3352 ¹

138 3455 223 3522 quae
243 3434 357 3519 verbis,
380 3432 464 3503 unde
490 3432 634 3500 derivata
660 3440 742 3517 sunt,
774 3429 971 3516 exprimitur,
1006 3426 1064 3496 sed
1090 3427 1145 3513 qui
1175 3446 1246 3495 eam

138 3538 280 3608 muneris
302 3557 417 3612 caussa
438 3536 560 3623 perficit
581 3540 613 3602 et
633 3535 784 3622 perficere
803 3534 885 3601 solet
905 3537 960 3599 aut
980 3531 1034 3616 qul
1054 3529 1137 3616 iude,
1160 3529 1246 3615 quod

210 3712 236 3782 ¹⁸)
253 3708 352 3767 Verbis
368 3723 420 3781 ,me
437 3711 554 3764 actorem
572 3705 656 3764 dedit‘
678 3705 745 3762 nihil
763 3703 838 3762 aliud
860 3703 973 3775 exprimi
989 3717 1022 3761 ac
1047 3717 1100 3775 ,me
1117 3705 1245 3773 agentem

140 3799 227 3858 dedit‘
256 3798 302 3855 vel
319 3797 380 3854 aliis
396 3794 487 3852 verbis
505 3795 579 3867 ,mibi
596 3793 716 3850 fabulam
742 3792 877 3862 agendam
894 3790 1016 3848 tradidit‘
1033 3791 1116 3848 etiam
1133 3805 1167 3846 ex
1192 3805 1245 3847 usu

140 3886 303 3946 Terentiano
321 3883 553 3942 substantivorum
570 3881 719 3939 verbalium
736 3880 765 3936 in
782 3896 812 3936 or
829 3879 1010 3936 desinentium
1024 3879 1102 3935 -de
1120 3893 1174 3949 quo
1191 3893 1245 3936 usu

141 3979 239 4050 postca
254 3973 350 4046 paucis
366 3970 457 4028 verbis
474 3971 643 4029 disserturus
661 3985 720 4026 sum
738 3997 771 4021 ψ
790 3966 869 4023 facile
885 3965 1055 4037 intelligitur.
