2896 4460
606 327 645 354 .-
687 305 813 374 20..

165 471 401 556 demonstrauit,
424 491 461 538 se
475 471 613 540 maximo
628 472 737 540 labore
758 471 791 538 id
806 473 922 557 egisse,
937 478 973 539 nt
987 473 1115 558 Hecyra
1130 495 1264 561 perage-

157 582 251 655 retur,
273 574 475 658 fabulamque
496 573 559 638 iam
581 573 630 640 bis
645 573 800 642 immerito
816 581 961 641 exactam
983 593 1065 660 esse,
1087 583 1157 644 orat
1173 596 1265 662 spee-

156 684 290 760 tatores‚'
307 696 349 743 ne
370 683 403 742 ct
422 675 563 760 ipsorum
584 696 682 743 causa
703 676 757 764 (ne
778 674 861 742 ludis
883 676 1040 743 scaenicis
1061 677 1210 762 indignos
1226 699 1265 746 se

154 778 343 865 praebeant)
366 783 398 844 ct
419 777 469 843 sui
491 776 634 862 (actoris)
656 797 762 860 causa,
790 777 907 863 quippe
928 777 982 862 qui
1004 785 1092 845 tanta
1112 779 1265 847 innccen-

155 882 201 948 tia
222 879 392 948 commodis
415 886 628 965 spectatorum
637 879 846 963 inserviverit,
870 879 915 963 (v.
936 879 1078 964 49-51)
1099 879 1202 947 denuo
1214 882 1265 946 lu·

154 981 212 1049 dos
234 982 399 1050 scaenicos
417 982 602 1068 despiciant.
632 982 839 1065 Sequentibus
861 987 967 1048 autem
987 977 1132 1049 versibus
1147 985 1264 1062 omnia,

156 1104 238 1169 quae
252 1084 453 1166 antecedunt,
473 1083 610 1151 breviter
624 1085 836 1169 complectens
851 1083 973 1167 iterum,
996 1091 1030 1150 ut
1045 1084 1204 1151 silentium
1219 1084 1264 1150 ad

157 1185 316 1270 Hecyram
339 1185 497 1270 agendam
524 1184 626 1265 detur,
655 1191 733 1255 orat.
778 1186 898 1252 Versus
926 1185 1022 1269 igitur
1046 1188 1187 1271 49-51,
1209 1207 1265 1253 cur

154 1288 258 1353 minus
273 1287 306 1352 in
321 1286 404 1354 hunc
419 1287 583 1371 prologum
595 1285 752 1370 quadrare
765 1287 940 1360 videantur,
953 1307 1017 1353 non
1029 1287 1132 1354 habeo
1148 1288 1264 1371 dicere,

154 1387 340 1475 praesertim
362 1408 431 1454 oum
444 1388 477 1453 in
492 1395 633 1454 extrema
649 1389 805 1473 oratione,
827 1409 890 1473 qua
904 1395 971 1455 tota
991 1389 1158 1457 Terentius
1174 1389 1264 1455 inno·

155 1491 259 1557 centia
275 1488 402 1556 Ambivi
422 1491 527 1574 potius
549 1510 644 1572 quam
666 1489 734 1556 eius
756 1491 857 1576 ipsius
878 1491 993 1557 virtute
1015 1491 1263 1576 commendatur,

155 1612 219 1659 non
241 1609 510 1676 supervacaneum
538 1591 581 1657 sit
613 1592 773 1677 expressis
806 1593 911 1660 verbis
943 1592 1080 1659 breviter
1108 1600 1263 1679 repetere,

157 1699 277 1778 quanta
297 1691 396 1759 uirtus
411 1693 444 1758 in
465 1692 609 1759 Ambivio
624 1692 725 1760 fuerit
769 1695 881 1760 Restat
895 1700 929 1760 ut
943 1695 977 1760 in
990 1695 1155 1780 prologum
1168 1695 1266 1763 Haut.

158 1796 361 1879 inquiramus.
404 1795 443 1860 In
464 1794 524 1861 hoc
545 1794 676 1880 prologo
690 1793 853 1862 Ambivius
876 1815 975 1862 senex
995 1816 1059 1863 non
1081 1804 1147 1863 tam
1168 1796 1208 1862 de
1228 1817 1266 1863 se

156 1898 227 1984 ipso
256 1916 350 1980 quam
377 1895 419 1962 de
444 1902 539 1982 poeta
564 1895 688 1963 locutus
717 1897 920 1982 demonstrat,
947 1898 1108 1983 ingenium
1135 1897 1266 1965 Terenti

164 1998 235 2066 sine
255 1998 322 2064 ulla
343 2017 459 2064 caussa
480 1996 513 2063 in
535 1997 747 2082 suspicionem
768 2001 809 2067 ab
831 1999 1022 2067 adversariis
1038 2000 1145 2067 vocari
1159 1998 1203 2086 (v.
1225 2001 1265 2067 16

158 2099 266 2186 —27)‚
289 2119 416 2166 eumne
438 2098 603 2166 veracius
625 2099 764 2185 fabulae,
791 2117 886 2185 quam
913 2121 992 2186 quas
1020 2101 1139 2168 inimici
1167 2101 1265 2187 scrip·

158 2203 265 2286 serint,
287 2221 352 2268 non
372 2200 465 2269 modo
488 2201 585 2268 multo
607 2220 690 2284 quae
711 2208 892 2287 spectentur
913 2203 1074 2288 digniores
1096 2201 1266 2270 sedetiam

157 2311 232 2371 actu
251 2302 409 2369 faciliores
432 2302 509 2372 sint:
530 2321 625 2386 qnam
648 2302 687 2369 cb
708 2322 775 2368 rem
796 2309 992 2388 spectatores
1014 2305 1095 2385 seni,
1114 2304 1165 2371 cui
1179 2303 1266 2370 iabu-

159 2408 210 2473 lae
225 2405 377 2472 motoriae
406 2405 539 2471 aliorum
566 2410 731 2488 po'e‘tarum
756 2404 942 2490 plerumque
969 2407 1116 2492 agendae
1141 2405 1265 2490 luerint,

159 2507 284 2593 copiam
304 2505 430 2572 fabulae
452 2505 604 2572 statariae
625 2504 755 2572 Terenti
776 2505 923 2590 agendae
949 2507 1015 2574 iam
1039 2508 1167 2575 saciant
1209 2505 1266 2592 (-

158 2611 225 2690 47.)
268 2608 349 2674 Tum
371 2612 544 2691 sequuntur
564 2626 676 2673 versus
698 2606 755 2689 illi,
777 2607 890 2691 quibus
913 2629 949 2676 se
970 2610 1142 2676 commodis
1157 2608 1267 2694 populi

158 2711 263 2797 potius
286 2731 381 2794 qnam
403 2710 469 2776 suis
484 2709 585 2794 ipsius
601 2707 805 2776 inservivisse
821 2711 1012 2796 comprobat.
1048 2709 1175 2779 Deinde
1189 2710 1267 2777 Am·

156 2814 259 2879 bivius

244 2914 461 2999 ‚Exemplum
483 2912 593 2997 inquit,
615 2911 763 2996 statuite,
785 2911 819 2977 in
839 2931 890 2978 me
910 2917 946 2978 ut
966 2911 1197 2980 adulescentuli

242 3017 341 3084 Vobis
363 3017 490 3101 placere
510 3015 661 3082 studeant
680 3014 785 3101 potius
806 3034 901 3099 quarn
921 3014 1003 3082 sibi!

160 3121 237 3188 Sine
258 3115 476 3205 praeiudicata
497 3117 645 3202 opinione
666 3117 720 3201 qui
741 3116 800 3182 hos
831 3135 942 3183 versus
968 3116 1090 3202 legerit,
1122 3116 1150 3184 is
1176 3117 1267 3183 intel·

159 3223 254 3307 leget,
276 3239 341 3305 eos,
363 3219 476 3304 quibus
497 3239 613 3286 caussa
633 3219 676 3286 ad
696 3218 835 3286 fabulam
857 3216 1138 3286 commendandam
1159 3218 1199 3285 ab
1220 3218 1268 3283 in·

156 3322 305 3391 nocentia
330 3320 456 3387 Ambivi
481 3327 617 3407 paretur,
645 3341 757 3407 parum
783 3326 858 3406 apte
893 3321 992 3406 sequi,
1025 3329 1139 3407 postea
1170 3339 1267 3406 quam

159 3431 247 3494 actor
269 3423 318 3491 sui
345 3422 535 3489 mentionem
561 3442 626 3489 non
647 3421 730 3507 fecit
757 3421 820 3489 nisi
845 3422 997 3490 admonet
1016 3441 1118 3508 genus
1146 3422 1266 3489 fabula·

159 3548 228 3596 rum
255 3525 385 3592 Terenti
411 3525 482 3592 seni
508 3523 551 3590 ad
583 3524 745 3610 agendum
771 3525 870 3592 multo
897 3525 1165 3592 accommodatius
1193 3542 1266 3591 esse

161 3647 256 3715 quam
283 3627 614 3711 aliorumpoe‘tarum.
681 3626 804 3718 'Versus
831 3633 937 3693 antem
963 3628 1003 3696 51
1034 3648 1070 3711 s,
1098 3627 1127 3694 si
1153 3645 1265 3693 versus

159 3733 288 3799 48-50
313 3728 513 3810 antecedunt,
538 3729 571 3795 in
599 3749 671 3797 eam
691 3729 881 3796 sententiam
902 3728 967 3796 dici
992 3727 1155 3813 videntur,
1178 3729 1265 3796 velut

159 3832 188 3899 si
209 3837 298 3898 actor
318 3837 413 3898 antea
441 3832 646 3918 explicaverit
672 3831 940 3922 adulescentulos¹
955 3831 1037 3915 (soil.
1064 3835 1191 3917 pc'e'tas)
1217 3831 1264 3916 ip-

158 3952 263 4002 sorum
285 3933 414 4002 utilitati
434 3933 539 4019 potius
561 3954 656 4020 quarn
687 3934 797 4020 populi
824 3953 952 4020 operam
981 3934 1079 4004 dare..
1112 3931 1176 3998 Scd
1202 3930 1264 3998 hoe
