2896 4460
626 296 959 363 -18-,

184 460 269 546 qnod
287 461 522 546 interpretatur:
544 467 718 544 ,certamen
739 461 874 528 diversis
894 460 1089 528 faventium!
1131 459 1197 528 Sed
1208 461 1290 528 ‘ch

106 634 111 641 ,
184 563 265 630 taius
292 562 349 650 (ad
362 562 394 632 h.
410 560 459 646 l),
479 561 532 645 qui
546 569 655 630 nomm
668 564 757 629 illam
771 561 893 629 Donati
914 584 979 631 non
999 564 1041 629 ad
1062 564 1192 630 verbum
1211 569 1291 647 ,stu-

183 663 288 748 dium‘,
317 663 376 732 sed
399 663 443 730 ad
466 665 565 756 verba
590 664 749 749 ,comitum
773 665 958 731 conuentns‘
988 664 1185 732 referendam
1216 683 1292 732 esse

183 771 283 852 putat,
303 766 401 833 uerba
422 765 540 832 Donati
561 784 632 832 eum
653 765 856 833 antecedenti
877 773 953 832 nota
979 765 1140 850 coniungit
1167 772 1200 831 ct
1225 771 1291 849 ,an‘

184 867 284 952 addit,
306 867 352 934 ita
372 872 408 933 ut
427 867 566 951 legatur:
588 873 702 952 ,utum
725 887 780 935 eos
802 868 932 935 comites
955 866 1043 952 dicit,
1065 867 1120 950 qui
1141 872 1215 933 sunt
1234 885 1292 950 pu-

183 969 279 1050 gilum
300 976 512 1038 assectatores
534 989 578 1034 an
599 989 719 1053 seruos,
741 969 796 1053 qui
817 968 961 1036 dominos
983 975 1157 1053 sequuntur
1171 987 1213 1034 an
1228 973 1293 1034 stu-

184 1072 271 1138 dium
297 1071 483 1138 certantium
511 1068 645 1138 dirersis
672 1071 865 1142 faventium‘
915 1072 975 1138 His
1001 1069 1153 1157 proximis
1184 1069 1291 1135 verbis

184 1173 347 1240 Donatum
377 1173 474 1239 verba
504 1172 662 1251 ‚comitum
688 1171 873 1240 conuentus‘
907 1173 1106 1258 interpretari
1138 1169 1292 1254 voluisse,

184 1297 277 1343 nemo
299 1275 475 1343 crediderit.
518 1276 618 1340 Immo
640 1275 736 1341 etiam
751 1275 779 1342 si
792 1274 981 1360 particulam
993 1273 1059 1357 ,an‘
1079 1274 1113 1340 in
1127 1273 1289 1339 codicibus

182 1379 365 1462 invenirem,
389 1376 474 1442 banc
498 1376 643 1443 voculam
670 1376 777 1442 delere
804 1382 838 1443 et
867 1378 966 1444 verba
991 1376 1114 1443 Donati
1146 1376 1222 1442 item
1251 1395 1292 1440 ac

182 1480 345 1548 Bentleius
368 1498 407 1544 uc
427 1477 665 1544 Westerbouius
687 1476 836 1562 accipere
862 1497 927 1545 non
954 1477 1144 1545 dubitarem:
1172 1481 1292 1544 certum

184 1589 234 1648 est
254 1582 413 1648 Donatum
433 1578 592 1662 ‚studinm‘
615 1579 650 1644 in
671 1599 766 1646 uersu
787 1583 839 1647 27.
861 1601 919 1666 pro
932 1579 1105 1665 ,strepitus‘
1118 1577 1291 1646 inuenisse.

184 1683 249 1751 Sed
269 1701 345 1748 num
366 1680 528 1746 Bentleius
550 1680 710 1762 ,studium‘
731 1682 799 1747 iure
824 1682 1013 1766 probaverit,
1041 1678 1137 1747 valde
1157 1678 1291 1761 haesito,

184 1804 254 1853 cum
268 1783 363 1850 lectio
384 1782 555 1866 ,strepitus‘
576 1803 640 1849 non
658 1784 761 1850 solum
775 1782 963 1850 auctoritate
978 1781 1121 1849 codicum
1136 1797 1292 1846 commen·

184 1886 284 1967 detur,
307 1883 365 1951 sed
387 1883 482 1950 etiam
502 1884 599 1953 multo
621 1885 725 1970 aptior
746 1885 878 1969 dicatur,
899 1906 994 1970 quam
1015 1882 1184 1968 ,studium‘‚
1206 1881 1293 1966 quod

190 2007 296 2073 neque
319 1986 464 2052 absolute
485 1985 623 2070 positum
650 1987 730 2054 satis
756 1986 893 2072 intelligi
920 1991 1039 2072 potest,
1066 2005 1139 2069 nec,
1166 1984 1293 2051 sicum

185 2089 333 2176 genetivo
354 2086 539 2172 ‚mulierum‘
561 2087 769 2172 coniungitur,
793 2089 872 2154 satis
894 2090 1057 2171 eleganter
1078 2092 1111 2152 et
1138 2085 1292 2152 concinne

184 2192 319 2259 orationi
346 2189 503 2256 inseritur.
549 2188 656 2255 Verba
686 2195 792 2256 autem
814 2189 972 2272 ,comitum
993 2194 1184 2272 conventus,
1209 2205 1293 2270 quae

185 2313 247 2379 quo
269 2289 363 2358 modo
385 2290 523 2376 epreet
536 2289 680 2358 Donatus
703 2290 826 2356 dubitat
839 2291 880 2356 de
894 2291 1070 2375 quibusque
1084 2290 1179 2356 etiam
1197 2288 1294 2353 Bent-

184 2396 265 2462 leius
287 2393 446 2478 desperat,
467 2391 558 2458 nobis
582 2392 647 2458 iam
660 2391 826 2458 mactanda
840 2398 922 2461 sunt.
954 2391 1150 2478 Acprimum
1165 2389 1293 2474 quidem

184 2498 371 2565 vocabulum
393 2502 523 2572 ,comes‘
544 2515 608 2560 non
629 2495 722 2561 aliter
736 2515 775 2561 ac
790 2493 947 2561 communi
961 2513 1058 2560 aenan
1071 2489 1293 2576 accipiendum

184 2618 257 2667 esse
279 2598 420 2664 arbitror.
464 2596 608 2681 Apparet
630 2595 713 2662 enim
735 2615 807 2670 eos,
835 2595 890 2678 qui
910 2595 1126 2661 funambulum
1152 2592 1292 2678 pugiles·

183 2720 245 2785 que
266 2705 413 2784 spectare
433 2698 591 2781 volebant,
613 2717 677 2764 non
696 2697 750 2780 ibi,
772 2696 826 2763 ubi
847 2696 915 2763 ludi
940 2696 1080 2764 scaenici
1104 2695 1291 2779 agebantur,

182 2801 355 2876 mansisse,
379 2799 437 2866 sed
457 2799 492 2865 in
513 2818 585 2865 eum
605 2799 722 2882 locum,
744 2797 798 2864 ubi
811 2798 868 2864 illa
882 2797 1066 2882 spectacula
1079 2796 1197 2882 populo
1218 2793 1292 2860 ede·

184 2905 306 2985 bantur,
329 2920 403 2968 sese
425 2900 610 2973 contulisse:
632 2900 777 2967 Habnius
799 2906 905 2966 autem
933 2898 987 2982 (de
1013 2900 1106 2966 rebus
1133 2895 1292 2964 scaenicis

183 3027 215 3091 p.
238 3004 284 3091 3.)
306 3003 442 3070 sirecte
463 3001 638 3087 disputavit
660 3021 811 3069 scaenam
831 3019 958 3086 semper
984 2998 1115 3066 adeius
1141 2997 1193 3064 dei
1214 3004 1292 3064 tem-

183 3107 281 3191 plum,
304 3103 392 3170 ouius
406 3104 440 3169 in
461 3103 612 3170 bonorem
630 3103 697 3172 ludi
710 3105 838 3186 fiebant,
859 3109 1070 3170 constructam
1091 3121 1174 3186 esse,
1187 3101 1295 3184 Hecy«

182 3227 220 3273 ra
239 3206 348 3272 fabula
369 3204 446 3270 data
466 3204 566 3290 primo
587 3204 671 3272 ludis
693 3205 930 3290 Megalensibus
952 3209 1025 3270 acta
1044 3203 1141 3270 estin
1161 3221 1292 3282 scaena,

183 3327 265 3392 qnae
286 3306 328 3372 ad
349 3306 487 3390 Magnae
507 3307 617 3373 matris
639 3307 674 3374 in
693 3306 819 3373 Palatio
840 3305 962 3392 (Lirim
983 3305 1133 3388 XXXVI,
1147 3303 1213 3390 36.)
1232 3322 1289 3389 pa·

182 3411 320 3478 rebatur.
362 3407 427 3474 Sed
447 3407 665 3491 funambulus,
685 3408 812 3492 pugiles
829 3407 965 3492 absque,
986 3426 1069 3491 quae
1082 3406 1126 3472 ad
1139 3406 1172 3473 id
1186 3425 1289 3489 genus

181 3511 326 3579 ludorum
338 3514 493 3594 spectant,
507 3509 563 3575 illo
577 3515 718 3596 tempore
732 3510 766 3576 in
781 3508 871 3577 Girco
884 3509 1032 3584 maximo,
1045 3509 1100 3592 qui
1110 3508 1287 3574 intermon-

181 3619 246 3681 tem
259 3611 439 3678 Palatinum
461 3617 493 3677 et
506 3610 697 3678 Auentinum
718 3611 797 3679 situs
819 3618 878 3695 cst,
900 3611 1039 3696 spectari
1060 3611 1214 3679 solebant
1232 3605 1294 3693 (cf.

141 3781 144 3786 ,
181 3713 300 3798 antiqu.
328 3714 471 3782 Roman..
492 3712 820 3798 Becker-Marquardt
854 3712 909 3796 IV,
938 3732 970 3798 p.
999 3713 1063 3780 519
1084 3709 1153 3798 aa).
1196 3709 1288 3788 Quae
1336 3737 1343 3748 ·

182 3835 255 3883 cum
274 3814 321 3881 ita
340 3815 413 3900 sint,
434 3813 551 3884 factum
572 3835 645 3883 esse
665 3821 809 3901 apparet,
831 3821 868 3882 ut
880 3815 1016 3901 populns
1031 3814 1159 3899 Hecyra
1172 3817 1288 3879 exacta

181 3916 223 3986 de
243 3921 350 3986 monte
370 3916 516 3986 Palatino
537 3916 581 3984 ad
605 3916 728 3985 ludicra
752 3917 818 3999 illa,
843 3916 956 4000 quibus
981 3915 1120 3983 maxime
1147 3914 1284 3982 delecta·
