2896 4460
630 335 845 404 ..26-

246 505 405 574 INCIPIT
426 495 612 572 TERENTI
634 505 804 573 HROYRA
1179 591 1182 596 Ι

245 607 358 674 Aous
378 606 504 673 LVDIS
518 607 799 677 MEGALENSIB.
815 604 954 673 SEXTO
968 605 1085 672 IVLIO
1100 604 1294 672 OAIISARII

247 709 310 776 ΟΝ.
334 706 544 775 CORNELIO
565 707 819 774 DOLABELLA
836 706 1023 776 AEDILIB.
1047 707 1239 778 OVRIILIB.
1260 761 1265 768 .

246 809 392 876 MODOS
413 808 607 876 FLAOOVS
630 807 793 884 CLAVDI
814 809 926 876 TIBIS
947 808 1088 878 PARIB.

205 915 227 981 5
249 911 363 978 TOTA
384 911 553 978 GRAECA
575 909 814 977 MENANDRV
835 910 978 977 FACTA
999 911 1079 977 EST
1100 913 1126 973 V

244 1012 360 1079 ACTA
382 1010 514 1078 PRIMO
536 1011 631 1078 SINE
652 1010 854 1079 PROLOGO
876 1012 996 1079 DATA
1018 1009 1216 1080 SECVNDO

247 1111 313 1184 ON.
336 1112 522 1180 OCTAVIO
544 1112 645 1179 TI'IO
666 1111 830 1179 MANLIO
853 1113 938 1184 OOS.

246 1214 413 1282 RELATA
434 1215 514 1282 EST
535 1213 661 1280 LVOIO
683 1214 859 1281 AEMILIO
880 1215 1016 1282 PAVLO
1198 1273 1202 1280 .

245 1315 375 1382 LVDIS
396 1315 645 1386 FVNRRALIB.
667 1314 756 1383 NON
777 1315 857 1382 EST
877 1314 1061 1383 PLAOITA

188 1420 228 1486 10
247 1416 404 1483 TERTIO
425 1417 592 1484 RELATA
614 1416 694 1483 EST
716 1416 754 1495 Q.
776 1415 933 1483 FVLVIO

246 1507 372 1585 LVOIO
394 1517 556 1585 MARCIO
577 1518 759 1588 AEDILIB.
783 1517 973 1588 OVRVLIB.
996 1517 1098 1584 EGIT

245 1619 334 1686 ch.
355 1619 559 1686 AMBIVIVS
581 1619 672 1686 LVO.
695 1618 875 1686 SRROIVS
894 1618 1051 1685 TVRPIO
1072 1617 1264 1689 PLAOVIT.

116 1721 119 1728 '
182 1719 232 1788 Ao
251 1721 386 1806 primum
407 1720 534 1805 quidem
557 1720 597 1787 de
624 1729 714 1788 sexto
746 1721 902 1787 versiculo
929 1719 1167 1802 didascaliae,*)
1186 1739 1292 1802 *quam

183 1843 281 1907 supra
298 1823 457 1907 proposui,
480 1841 574 1906 quem
595 1842 723 1888 versum
744 1828 843 1888 totum
866 1820 1105 1907 suppositioium
1128 1841 1200 1890 esse
1215 1821 1291 1887 Dni-

182 1922 277 1990 atzko
300 1930 418 2008 oeuset,
440 1923 500 1988 hoo
527 1922 697 1989 admouere
724 1923 879 1998 volebam,
908 1924 1006 1990 verba
1025 1922 1113 2006 ‚data
1140 1920 1290 1990 seeundo‘
1327 1953 1330 1964 ·

180 2044 245 2091 uon
274 2031 340 2090 tum
365 2024 600 2108 interpolationi
628 2043 723 2107 quam
749 2024 945 2109 corruptelae
972 2025 1089 2102 deberi,
1117 2023 1192 2108 quio
1226 2043 1291 2090 non

180 2125 351 2192 verisimile
373 2133 423 2191 est
454 2127 535 2192 haee
565 2126 675 2208 verba,
704 2145 787 2209 quse
811 2126 931 2191 nullum
961 2145 1090 2204 sensum
1126 2125 1187 2192 hoe
1220 2125 1291 2192 loeo

142 2257 147 2268 ·
181 2228 343 2312 praebent,
365 2226 474 2293 dedita
496 2247 593 2311 opera
619 2227 739 2293 inserta
765 2245 847 2295 esse.
892 2226 994 2294 Credo
1021 2226 1168 2312 equidem
1197 2243 1291 2294 voea-

180 2330 255 2398 bulo
275 2328 447 2413 ‚seeundu‘
471 2348 541 2395 eum
564 2348 604 2394 ex
623 2328 804 2412 insequenti
824 2336 935 2412 versq'
949 2329 1003 2394 ubi
1022 2330 1210 2413 legebantur
1222 2349 1292 2397 ver·

129 2507 131 2512 ,
180 2433 222 2499 ba
242 2430 394 2515 ,seeundo
413 2430 517 2495 relatu
537 2430 597 2496 est‘
617 2429 723 2496 verbis
744 2418 848 2514 ,tertio
874 2431 977 2496 reluta
1008 2433 1067 2497 est‘
1095 2430 1288 2516 responden-

182 2532 228 2598 tia
248 2532 467 2617 inrepsissent,
490 2537 602 2616 postea
617 2551 636 2596 a
651 2531 768 2596 leetore
782 2530 926 2614 imperito
939 2531 1080 2598 additam
1096 2552 1168 2599 esse
1181 2553 1294 2601 voeem

181 2633 279 2717 ,dato‘
301 2669 340 2682 -
365 2652 446 2716 quae
468 2632 510 2698 ad
532 2651 633 2715 genus
655 2630 782 2697 dicendi
810 2631 1056 2699 didnsoaiiarum
1083 2654 1147 2700 non
1177 2627 1291 2702 eonvess

180 2735 291 2801 uit-
319 2753 357 2800 eo
387 2735 528 2816 oonsilio,
556 2739 591 2798 ut
617 2731 779 2815 ,seeundo‘
799 2753 869 2799 oum
901 2734 1160 2802 anteeedentibus
1186 2737 1292 2810 verbis

183 2834 292 2919 aliquo
314 2835 408 2900 modo
430 2835 628 2900 ooniunetum
651 2833 701 2901 sit.
745 2832 811 2899 Sed
832 2834 927 2901 etiam
950 2835 1025 2918 alia,
1046 2855 1129 2920 quae
1157 2837 1291 2922 apertis·

181 2937 261 3004 sime
282 2941 486 3002 eorreetorem
516 2943 611 3019 atque
636 2933 869 3001 emendatorem
897 2935 1086 3023 significant,
1114 2959 1135 3004 a
1165 2939 1292 3005 Dziatz·

179 3037 265 3106 kone
286 3037 407 3103 intaeta
429 3055 501 3103 esse
524 3037 635 3103 relicte
657 3055 694 3103 eo
716 3036 819 3120 magis
846 3037 997 3115 admiror,
1026 3039 1195 3123 quodiam
1217 3043 1288 3127 ipse

180 3215 235 3256 non
253 3193 460 3267 comprehendo.
494 3197 587 3254 Verbs
603 3204 694 3255 nutem
708 3197 792 3264 ‚Iseo
808 3198 895 3267 primo
912 3199 979 3255 duta
996 3204 1040 3256 est
1059 3200 1118 3256 siue
1134 3201 1257 3272 proIogo’
1276 3219 1295 3258 s

186 3287 295 3342 Donato
312 3283 444 3340 adnotate
460 3297 530 3353 esse,
541 3299 610 3340 eum
628 3285 698 3340 duos
718 3289 825 3340 tuntum
841 3285 971 3354 prologos
988 3291 1146 3354 speetuntes
1162 3287 1199 3342 ud
1216 3287 1287 3345 duos

180 3370 343 3442 posteriores
361 3369 483 3426 sedenos
502 3369 660 3439 invenimet,
677 3369 900 3426 verisimMImum
919 3375 980 3426 est:
1006 3372 1080 3428 unde
1097 3372 1202 3428 seilioet
1218 3373 1289 3431 hseo

180 3457 265 3515 verbu
281 3456 365 3514 etism
381 3457 410 3511 in
427 3453 546 3512 oodieem
564 3455 723 3512 Bembimrm
740 3461 929 3514 manaverunt
953 3456 1046 3525 Atque
1064 3471 1164 3514 euussu
1175 3473 1223 3515 eur
1234 3461 1288 3516 Do·

180 3548 263 3601 nutus
282 3557 336 3600 non
353 3541 503 3612 respexerit
519 3541 547 3596 in
564 3539 733 3610 prsefstione
750 3540 802 3597 nisi
819 3541 932 3611 prImsm
946 3543 1087 3612 ostionem,
1104 3543 1168 3600 inde
1180 3544 1289 3601 videtur

180 3629 300 3700 petendu
317 3641 385 3692 esee,
405 3627 480 3697 quod
496 3627 688 3698 grammatieus
706 3631 733 3682 et
750 3627 927 3682 didoseslism
952 3628 1113 3697 praefationi
1137 3629 1288 3686 sdmisoers

182 3719 329 3773 eonsuerst
345 3727 396 3770 neo
413 3718 505 3768 nmen
522 3710 613 3768 omnio
631 3711 674 3768 his
692 3712 784 3769 dicere
800 3711 921 3769 volebat.
1342 3769 1344 3776 Α

249 3800 275 3868 *)
292 3801 368 3866 Ques
385 3798 550 3855 Ritseheiius
568 3798 605 3866 (in
621 3797 747 3868 Porergts
764 3814 790 3867 p.
809 3799 957 3862 sss-ere,
975 3802 1003 3855 et
1015 3799 1150 3856 Dristzko
1168 3801 1204 3864 tin
1217 3815 1288 3856 mus.

184 3883 270 3941 enen.
287 3897 314 3940 n.
333 3895 356 3940 s.
375 3883 427 3942 xx
445 3888 474 3938 et
491 3883 567 3949 XXI)
592 3884 627 3940 ds
642 3881 800 3940 didssoalds
819 3883 1014 3954 disseruerunt,
1032 3899 1109 3951 eum,
1127 3885 1175 3953 qui
1192 3883 1220 3942 in
1236 3885 1289 3942 hae

188 3968 348 4040 qnesstione
364 3950 486 4028 tidiesre
502 3961 571 4040 rut,
587 3981 642 4030 non
660 3969 765 4026 nerone
782 3967 882 4032 debere
899 3974 1111 4028 mnssnmmnn
1128 3974 1180 4028 est
