2896 4460
618 332 810 400 -9-

161 503 257 593 extr.)
278 505 329 591 ,ai‘
351 505 538 572 uocabulum
559 505 593 572 in
613 503 767 592 principio
790 503 959 586 enunciati,
981 505 1100 574 maiore
1123 507 1268 595 emphasi

161 611 289 695 dictum,
311 608 365 676 vix
385 607 513 695 probari
539 627 651 693 posse:
679 607 775 676 immo
803 608 985 693 negandum
1011 616 1077 695 ast,
1104 609 1138 676 ni
1164 610 1267 689 fallor,

159 715 222 782 hoo
241 712 293 798 ‚ei‘
315 731 386 780 cum
406 731 467 779 usn
489 711 616 780 dicendi
636 712 713 780 alibi
728 732 748 778 a
762 711 912 780 'Ferentio
926 711 1068 781 adhibito
1084 733 1266 800 congruere.

159 818 219 903 ‚dr
240 816 324 884 enim
344 816 378 883 in
399 835 493 883 versu
513 822 622 883 nostro
643 814 686 882 ad
707 835 778 882 eum
799 835 890 882 nsum
910 816 1135 884 Terentianum
1156 837 1268 904 prono·

157 920 254 988 minis
274 921 307 988 is
330 925 465 1005 spectat,
486 939 548 1004 qno
570 939 630 987 usu
651 938 824 1005 pronomen
845 919 937 1004 quasi
958 939 1016 1006 per
1042 920 1268 988 abundantiam

157 1025 320 1112 repetitur,
334 1033 367 1090 et
375 1021 479 1100 facile,
492 1023 521 1091 si
536 1022 641 1091 omnia
652 1022 744 1090 huius
761 1041 836 1090 usus
849 1024 1004 1109 exempla,
1021 1043 1103 1108 quae
1123 1025 1267 1093 Holtaius

158 1127 203 1208 (in
226 1133 310 1212 synt.
321 1126 423 1196 Plaut
438 1127 479 1197 ΙΙ.
495 1145 526 1212 p.
543 1126 630 1208 357.)
646 1125 785 1211 conlegit
797 1125 995 1212 ‚inspexeris
1010 1127 1088 1195 mihi
1104 1128 1267 1198 adsentiat

157 1249 332 1318 pronomen
345 1229 396 1314 ‚is‘
409 1249 473 1296 non
488 1229 590 1315 repeti
604 1249 661 1315 per
675 1224 877 1314 ἐπανάληψιν
892 1230 955 1297 nisi
970 1230 1082 1298 eodem
1097 1251 1183 1316 casu,
1205 1251 1267 1317 quo

155 1333 295 1419 positum
310 1340 361 1402 est
374 1351 563 1419 pronomen,
579 1333 621 1400 ad
636 1331 720 1417 qnod
736 1332 935 1401 referendum
949 1340 1007 1404 est.
1026 1335 1155 1402 Rectius
1171 1334 1268 1420 igitur

156 1436 433 1506 secundamusum
448 1435 673 1504 Terentianum
698 1456 810 1506 uersus
831 1444 939 1505 noster
959 1438 1007 1506 sic
1026 1439 1226 1524 procederet:

465 1539 539 1607 hnic
560 1560 656 1625 quum
677 1538 785 1608 datast

356 1662 449 1727 noua,
470 1643 500 1710 ei
519 1664 636 1711 novum
649 1643 818 1712 intervenit
835 1643 944 1712 vitium
964 1650 1023 1716 cet.
1369 1725 1372 1733 Ι

242 1745 308 1814 Sed
318 1745 415 1814 aliam
425 1746 519 1826 viam,
529 1767 592 1832 qna
602 1767 695 1833 spero
706 1767 764 1816 nos
772 1747 813 1814 ad
824 1749 1105 1816 veramleotionem
1118 1755 1267 1817 venturos

159 1868 247 1932 esse,
258 1848 482 1936 ingrediamur.
499 1851 591 1932 Quod
601 1853 747 1919 Donatus
758 1852 892 1919 adnotat
902 1852 1016 1924 adad.
1029 1853 1170 1938 „uitium
1182 1853 1266 1937 qnod

158 1973 224 2022 non
238 1961 384 2040 spectata
398 1962 449 2022 est
464 1953 522 2042 (so.
538 1954 669 2032 subulci,
686 1957 860 2041 calamitas,
876 1955 961 2041 quod
976 1977 1039 2023 nou
1054 1957 1182 2041 cognita
1197 1961 1266 2023 est“

161 2057 321 2126 neminem
335 2079 419 2126 nunc
429 2059 612 2127 Terentium
627 2059 673 2126 sic
687 2059 896 2144 interpretari,
912 2067 947 2125 ut
961 2060 1021 2127 hoo
1036 2059 1154 2145 credat,
1168 2057 1267 2125 oredi-
1375 2101 1377 2104 -

159 2162 223 2230 bile
238 2169 303 2231 est:
325 2162 384 2230 sed
405 2183 512 2246 quare,
528 2182 657 2247 quaeso,
674 2162 821 2247 efficitur,
843 2169 878 2229 ut
894 2162 1009 2246 aliquis
1024 2163 1122 2229 verba
1141 2181 1267 2248 ‚novum

158 2265 270 2334 vitium
289 2273 323 2333 et
334 2265 512 2334 calamitas‘
526 2286 590 2333 non
606 2272 641 2332 nt
658 2285 717 2332 nos
733 2265 802 2332 siue
821 2265 915 2333 dubio
932 2273 1018 2333 recte
1028 2263 1071 2331 ad
1089 2264 1267 2350 occupatio·

157 2389 232 2436 nem
250 2371 359 2456 populi
370 2371 402 2437 in
413 2370 604 2454 funambulo,
620 2369 679 2438 scd
690 2369 730 2435 ad
744 2389 868 2437 versum
882 2373 914 2439 4.
929 2369 1103 2437 rettulerit?
1125 2370 1268 2454 Apparet

158 2479 266 2540 autem
281 2473 439 2541 Donatum
456 2474 656 2540 enunciatum
669 2474 783 2540 vocula
804 2473 859 2557 ,ut‘
880 2472 1034 2558 incipieus
1055 2472 1088 2539 iu
1110 2491 1181 2538 eam
1196 2490 1267 2538 sen·

158 2577 290 2644 tentiam
313 2576 376 2644 dici
396 2583 517 2662 putare,
539 2583 575 2644 ut
596 2597 634 2644 eo
654 2575 871 2643 describantur
898 2583 930 2644 et
954 2575 1149 2662 explicentur
1169 2574 1268 2641 verbu

162 2679 393 2750 antecedentia.
415 2679 469 2764 (cf.
491 2680 610 2765 Reisig.
632 2680 710 2750 vorl.
733 2701 763 2765 p.
786 2682 859 2750 553.
881 2679 986 2750 Madv.
1010 2679 1116 2746 (iram.
1138 2679 1202 2746 374
1223 2675 1266 2744 ad

157 2779 203 2869 2.)
236 2781 300 2850 Sed
316 2803 386 2849 cum
400 2783 469 2850 fieri
483 2785 609 2851 omnino
624 2786 736 2870 possit,
752 2789 786 2849 ut
801 2783 924 2868 aliquis,
941 2783 968 2848 si
983 2782 1080 2848 verba
1092 2787 1213 2848 tautum
1224 2818 1266 2830 -·-

158 2904 273 2952 sensns
295 2885 379 2952 euim
401 2887 461 2954 hoc
483 2886 685 2954 defendit-
706 2886 865 2972 respiciat,
887 2887 933 2954 ita
954 2893 989 2953 ut
1003 2887 1147 2952 Donatus
1169 2884 1267 2951 verba

101 3065 104 3070 ¹
162 2994 277 3074 potitae
299 2989 445 3075 explicet,
468 2997 500 3058 et
526 3011 597 3059 cum
624 2991 721 3057 verba
747 2990 875 3056 Terenti
902 2989 1071 3076 perspicua
1102 3008 1165 3054 nou
1192 3005 1265 3054 esse

159 3111 213 3158 ars
224 3098 341 3176 ,poetae
354 3099 449 3178 vetet,
469 3093 564 3161 facile
579 3094 765 3163 coniecerim
779 3114 904 3161 versum
918 3100 1059 3160 nostrum
1073 3091 1128 3174 ita,
1153 3097 1189 3157 ut
1202 3110 1266 3156 am·

162 3191 298 3280 bignitas
314 3196 477 3263 verborum
492 3218 619 3283 prorsus
642 3196 793 3282 deleatur,
809 3196 1008 3264 scribendum
1028 3215 1115 3263 esse:

524 3302 623 3388 Nova,
640 3321 755 3369 novum
777 3301 843 3387 ‚ita‘
866 3298 1035 3368 intervenit
1055 3307 1114 3368 oet.

160 3402 330 3472 vocabulis
351 3412 457 3472 autem
488 3405 553 3490 ,ita‘
576 3414 608 3473 et
634 3405 821 3490 ,interuenit‘
844 3410 972 3492 propter
1001 3400 1204 3468 similutinem
1231 3399 1265 3465 li-

163 3514 299 3580 terarum
321 3507 485 3592 permixtis
507 3509 573 3585 ‚ita‘
594 3509 688 3576 facile
711 3511 855 3596 elapsum
877 3528 950 3576 esse
970 3525 1063 3572 nemo
1085 3524 1148 3570 nou
1169 3501 1266 3587 sidet,

159 3617 192 3678 et
212 3610 267 3696 qni
287 3610 320 3677 in
341 3630 379 3678 eo
401 3611 486 3697 quod
507 3614 621 3680 rocula
642 3613 709 3696 ‚ita‘
731 3612 763 3679 in
778 3613 876 3680 tribus
889 3610 1042 3695 deinceps
1057 3606 1201 3674 versibus
1216 3604 1265 3671 bis

158 3737 180 3782 a
201 3721 296 3802 potita
316 3716 421 3800 posita
436 3717 486 3800 sit,
509 3716 650 3798 offendit,
674 3736 744 3782 eum
760 3715 943 3782 meminisse
959 3713 1060 3794 iubeo,
1083 3707 1265 3774 Terentium

158 3839 222 3886 nou
244 3819 344 3886 solum
366 3819 399 3886 in
420 3819 534 3886 sabulis
557 3819 730 3886 sedetiam
756 3821 788 3885 iu
816 3818 895 3903 ipsis
924 3814 1063 3902 prologis
1090 3825 1265 3878 sermonem

158 3923 321 4008 uulgarem
343 3922 488 4007 quamvis
510 3923 747 4008 elegantissime
775 3921 904 4004 imitari,
927 3919 980 4004 qni
1006 3915 1134 4002 quidem
1163 3933 1266 3982 sermo

157 4025 375 4113 repetitionem
390 4024 611 4096 vocabulorum
628 4026 826 4114 maximeque
840 4043 920 4106 eam,
943 4041 1006 4107 qua
1025 4057 1056 4070 -
1075 4027 1111 4086 ut
1125 4019 1158 4086 in
1171 4039 1264 4091 uersu
