2896 4460
620 275 960 379 ψει--Δ

168 480 353 567 hlarquardt
373 481 394 549 l.
416 499 442 550 c.
464 478 520 562 IV,
541 500 573 564 p.
595 476 684 566 533.)
705 511 746 528 -
767 497 828 544 uec
849 477 947 546 ullum
961 476 1049 545 aliud
1061 459 1279 564 praemium,*)

169 591 323 670 quantum
342 603 401 650 uos
433 581 561 665 quidem
589 581 717 665 scimus,
744 580 872 647 domino
898 579 1006 664 gregis
1032 580 1171 646 oblatum
1197 601 1281 668 esse,

169 707 234 756 non
254 687 358 753 miuus
378 684 495 751 actoris
518 702 613 769 quam
633 690 757 769 poetae,
779 689 814 748 ut
828 682 936 749 fabula
949 687 1166 766 perageretur,
1186 682 1280 750 iuter·

142 843 144 848 .
169 789 269 857 luisse
290 787 370 855 satis
392 791 536 871 apparet.
822 795 827 804 ‘

253 907 374 987 Quibus
402 904 594 990 temporibus
620 903 748 988 Hecyra
775 906 849 968 acta
877 900 919 967 sit
948 906 979 967 et
1006 899 1047 967 de
1074 901 1147 969 aliis
1174 904 1279 988 rebus,

170 1028 253 1094 quae
274 1009 337 1075 huc
357 1008 525 1093 pertinent,
549 1005 730 1073 disserturis
750 1004 843 1094 nobis
869 1022 968 1079 unae,
996 1003 1082 1070 unde
1109 1003 1278 1090 discamus,

174 1110 373 1178 didascalice
394 1116 523 1195 praesto
547 1115 636 1177 sunta
658 1127 789 1191 quarum
811 1104 900 1188 origo
921 1103 1005 1170 unde
1031 1104 1203 1189 repetenda
1231 1127 1280 1173 es·

170 1220 229 1297 set,
250 1210 443 1278 Bitschelius
464 1211 511 1276 ita
525 1210 558 1275 in
579 1209 729 1292 Parergis
751 1228 782 1293 p.
806 1208 869 1274 319
891 1225 917 1276 s.
941 1204 1122 1292 explicavit,
1144 1213 1180 1273 ut
1198 1207 1280 1275 nihil

168 1313 246 1380 addi
272 1314 390 1399 possit,
417 1311 481 1378 nisi
507 1310 592 1396 qnod
617 1308 774 1376 Daiatuhe
801 1307 880 1373 satis
906 1307 1110 1392 probabiliter
1142 1308 1278 1376 coniecit

169 1416 224 1496 (es.
245 1433 325 1483 mus.
347 1412 492 1480 Rhenan.
514 1433 545 1482 n.
568 1431 594 1481 s.
615 1418 638 1478 t.
660 1410 732 1479 XX.
748 1430 779 1495 p.
802 1410 866 1490 92.)
887 1409 1040 1475 nonnulla
1070 1410 1206 1493 quaein
1234 1411 1279 1476 di-

168 1515 319 1582 dascaliis
340 1519 468 1581 exstant
490 1533 530 1580 ex
551 1511 775 1596 manuscriptis
796 1516 936 1576 aetorum
958 1530 979 1576 a
999 1511 1213 1595 grammaticis
1231 1531 1280 1579 re

168 1623 263 1702 cepta
285 1635 370 1686 esse.

251 1735 370 1801 Fontes
392 1737 507 1816 autem,
529 1730 613 1798 unde
635 1729 829 1798 didascalias
844 1729 1037 1812 hauriamus,
1059 1737 1134 1798 sunt
1151 1733 1277 1800 omnino

172 1833 308 1920 tres**)z
339 1835 473 1920 primum
495 1833 709 1919 praelationes
735 1831 932 1917 praemissae
958 1852 978 1896 a
1005 1831 1130 1898 Donato
1161 1833 1277 1902 fabulis

165 1937 304 2021 Terenti,
325 1935 453 2002 deinde
468 1934 665 2002 didascaliae
691 1933 834 2000 codicum
863 1952 942 2015 quos
977 1932 1140 2018 Galiopius
1169 1955 1275 2002 recen·

166 2039 243 2123 snit,
274 2038 410 2121 denique
434 2037 534 2103 codex
555 2036 726 2102 Bembinus
748 2034 839 2101 testis
861 2034 1083 2119 gravissimus,
1112 2036 1166 2120 qui
1193 2056 1275 2104 nnus

166 2160 208 2207 ex
231 2139 329 2206 tribus
351 2137 467 2205 Falerni
488 2136 659 2214 codicibus,
679 2137 733 2221 qui
758 2136 975 2202 recensionem
995 2135 1132 2221 Galliopi
1160 2135 1289 2222 effuge-¹

165 2248 247 2325 runt,
266 2241 358 2307 nohis
382 2245 540 2325 superest:
563 2238 720 2305 accedunt
740 2239 773 2304 in
795 2257 859 2304 una
880 2238 1008 2324 Hecyra
1036 2259 1118 2322 quae
1145 2241 1276 2307 adnota-

165 2342 213 2410 vit
233 2342 377 2408 Donatus
399 2340 442 2405 ad
463 2339 541 2406 Hac.
562 2339 589 2421 1,
613 2343 641 2424 1,
662 2340 716 2404 ubi
737 2340 902 2423 nonnulla,
931 2358 1013 2422 quae
1035 2340 1096 2406 hnc
1116 2341 1277 2425 pertinent
1380 2391 1384 2400 .

167 2440 435 2527 exhibentur.***)
457 2441 604 2525 Hecyrae
631 2439 809 2506 didascalia
830 2440 1030 2525 corruptelis,
1057 2461 1140 2524 quae
1160 2463 1218 2528 per
1239 2463 1276 2510 se

167 2551 334 2631 apparent,
357 2541 534 2609 emendatis
555 2542 671 2627 legitur
690 2541 724 2607 in
746 2540 856 2608 codice
877 2539 1029 2608 Bembina
1051 2541 1146 2608 haec:

232 2745 258 2816 *l
274 2745 337 2802 Jam
357 2759 440 2814 snpra
456 2743 592 2815 proposui,
611 2748 730 2800 actorem
747 2743 776 2798 iu
793 2741 893 2799 tabulis
911 2743 1105 2814 aestimandis,
1126 2759 1160 2801 ne
1184 2745 1274 2801 mains

163 2831 314 2902 pericrdum
331 2829 444 2900 subiret,
462 2829 554 2899 aliquo
571 2831 652 2886 modo
669 2828 721 2884 sibi
738 2829 808 2885 satis
825 2830 947 2886 cavisse:
965 2829 1073 2886 fabulas
1084 2835 1175 2886 antem
1190 2831 1274 2888 semel

164 2922 290 2987 peractas
308 2915 346 2986 (id
363 2915 436 2984 qnod
454 2913 584 2971 Ritsebel.
602 2913 717 2971 coniecit
733 2914 760 2970 in
779 2915 888 2984 Patara,
902 2931 928 2985 p.
941 2916 1010 2984 eet.)
1028 2915 1056 2971 iu
1070 2916 1273 2985 possessiouem

164 3005 267 3061 actoris
291 3001 401 3058 ventsse
415 2999 544 3056 credibile
560 3015 616 3056 uon
633 3004 684 3070 est,
701 3005 846 3070 propterea
863 3001 936 3069 qnod
953 3000 1115 3057 Eunuchum
1133 3002 1273 3059 commode

163 3089 250 3158 ipsius
267 3092 365 3158 potitae
381 3085 424 3142 bis
442 3090 532 3142 actam
551 3099 614 3141 esse
631 3085 741 3141 scimus.
777 3086 906 3142 Conicere
918 3086 1002 3156 igitur
1013 3085 1150 3159 debemus,
1163 3092 1272 3158 pettam

162 3190 217 3231 non
234 3179 290 3230 tam
308 3170 428 3228 tabulam
446 3187 529 3240 qnam
545 3161 659 3240 primam
679 3169 789 3226 tabulae
805 3171 939 3228 actionem
957 3172 1123 3229 vendidisse.

167 3307 169 3311 .
231 3259 277 3327 θ)
292 3260 335 3316 De
345 3257 388 3313 bis
402 3257 490 3314 tribus
508 3256 717 3312 didmeatiamm
728 3256 874 3325 generibus
887 3256 975 3314 fusius
987 3258 1117 3316 disseruit
1128 3258 1272 3316 lectiones·

164 3357 217 3414 que
236 3343 315 3401 libris
330 3342 423 3400 denno
442 3342 556 3400 conlatis
574 3342 696 3398 excussit
716 3341 852 3399 Dalatalro
869 3345 897 3398 in
914 3343 1116 3401 mualthanan.
1135 3360 1161 3414 p.
1173 3345 1272 3401 bitias.

231 3428 293 3495 aaa)
310 3428 371 3484 Non
388 3429 428 3484 ita
444 3429 558 3486 multum
576 3428 647 3483 inter
663 3443 698 3484 ea
714 3441 786 3496 quaa
798 3430 923 3485 Donatus
935 3430 971 3485 ad
988 3430 1054 3486 Hae
1070 3429 1274 3500 l,1adnetavit

163 3519 193 3570 at
208 3514 279 3569 inter
295 3513 489 3584 praefationem
507 3515 630 3580 interest,
647 3528 708 3569 eum
720 3513 873 3571 memineris
885 3515 1021 3572 Donatum
1034 3515 1179 3571 dictionem
1191 3531 1269 3572 suam

161 3599 191 3655 iu
208 3601 400 3657 commentario
417 3601 504 3656 multo
522 3600 609 3656 artius
626 3599 662 3654 ad
674 3597 759 3655 verba
775 3599 862 3668 lpsius
873 3600 980 3670 prologi
992 3600 1174 3669 applicavisse
1188 3615 1271 3668 quam

166 3684 195 3740 in
211 3683 393 3755 praelatione:
412 3686 485 3754 quod
503 3686 549 3753 ,ce
569 3684 686 3740 Rabirie‘
703 3685 732 3740 in
748 3684 917 3754 praelatione
935 3685 1073 3755 leguntur,
1095 3684 1165 3742 haec
1187 3685 1273 3742 verba

165 3770 304 3828 alectore
330 3785 426 3840 pamm
451 3771 532 3827 docto
554 3768 673 3826 tortasse
696 3786 731 3826 ex
754 3770 881 3826 mutilata
904 3771 1044 3826 lectione.
1068 3769 1144 3828 O..
1169 3771 1270 3829 H...

163 3855 214 3912 AB
232 3894 240 3913 .
308 3856 445 3925 (Cornelio
461 3855 613 3924 Dolabella)
632 3855 778 3924 velaliquo
795 3856 849 3912 alio
868 3856 949 3912 mede
966 3854 1118 3926 perscripta
1141 3870 1204 3926 eaae
1227 3872 1271 3913 au·

168 3941 266 4013 spicer.
281 3997 284 4001 ,
300 3941 371 4002 Ham
388 3942 435 4012 eui
452 3940 514 4006 tea,
528 3941 626 4013 possit,
639 3946 675 4008 ,ut
688 3942 817 4006 Donatus
827 3940 879 4008 sibi
890 3941 950 4016 ipse
966 3940 1125 4014 dimeutiat,
1145 3941 1272 4015 equidem
