2896 4460
617 314 862 381 '—28-

278 477 329 546 Ad
351 479 562 547 coniecturam
582 487 724 550 nostram
745 482 931 549 firmandam
953 484 1048 551 etiam
1070 484 1131 553 hoc
1151 485 1228 554 addi
1248 509 1305 576 po-

197 585 271 665 test,
293 580 378 664 quod
399 580 433 647 iu
455 582 640 651 didascaliis
663 584 837 651 tabularum
861 582 1075 672 Graecamm,
1099 608 1232 673 quarum
1254 590 1298 656 ad

194 683 431 766 similitudinem
451 685 571 751 latinae
592 706 613 751 a
634 686 848 774 grammaticis
864 688 1062 774 conscriptae
1077 698 1161 773 sunt,
1183 711 1300 761 nomeu

193 786 317 870 prologi
338 786 465 853 disertis
485 789 590 855 verbis
611 789 798 857 nominetur.

278 922 386 988 Trium
408 924 535 991 omuino
556 925 716 993 actionum
736 927 883 1012 Hecyrae
904 927 1022 994 mentio
1043 928 1079 994 fit
1098 928 1132 994 in
1158 929 1304 996 didasca-

154 1079 162 1096 .
192 1023 257 1093 liis:
283 1031 378 1108 atque
401 1033 520 1093 erraret
541 1028 580 1112 is,
603 1028 657 1111 qui
678 1035 804 1112 putaret
823 1030 921 1095 verba
942 1029 1045 1112 ‚tertio
1065 1030 1168 1096 relata
1189 1031 1249 1097 est‘
1269 1032 1304 1098 in

194 1126 303 1194 codice
324 1128 477 1196 Bembino
499 1131 634 1196 fortasse
645 1131 688 1196 ad
702 1111 846 1215 quartam
861 1133 1016 1198 actionem
1031 1130 1197 1197 reserenda
1218 1151 1303 1201 csse.

194 1228 312 1298 Omnes
335 1232 418 1298 enirn
441 1232 640 1298 didascaliae
662 1251 754 1298 usum
776 1232 902 1298 dicendi
916 1231 1140 1299 Terentianum
1162 1233 1209 1316 (in
1222 1233 1302 1303 Hec.

191 1334 333 1418 prologis
354 1355 384 1403 v.
409 1338 437 1418 7,
467 1333 534 1419 38.)
572 1342 755 1417 sequuntur,
776 1333 822 1398 ita
848 1341 884 1399 ut
903 1335 1001 1401 rerba
1020 1333 1172 1416 ,secundo
1200 1335 1303 1400 relata

192 1435 252 1502 est‘
273 1443 306 1502 et
326 1437 476 1517 ,secundo
498 1444 572 1503 acta
593 1435 651 1502 est‘
672 1435 758 1500 haud
780 1435 894 1520 impari
916 1453 1012 1500 seusu
1035 1433 1188 1505 dicautur.
1236 1435 1300 1502 He·

192 1557 269 1622 cyra
289 1539 425 1621 primum
445 1546 520 1605 acta
533 1534 591 1604 'est
611 1539 652 1606 T.
675 1536 793 1602 Manlio
816 1537 872 1606 Cu.
895 1535 1027 1602 Octavio
1049 1555 1131 1604 coss.
1153 1535 1251 1622 (anuo
1271 1556 1301 1606 a.

191 1638 231 1709 U.
255 1659 281 1708 o.
303 1639 432 1722 arxe),
454 1639 565 1705 iterum
588 1637 672 1705 ludis
687 1637 879 1704 funeralibus
893 1637 971 1704 Luci
985 1637 1104 1705 Aemili
1117 1638 1222 1703 Paulli
1236 1641 1303 1718 (au-

191 1760 233 1806 no
255 1761 284 1810 a.
306 1740 346 1807 U.
362 1761 389 1808 c.
411 1739 581 1822 axell),
603 1741 729 1805 tertium
751 1739 788 1818 Q.
811 1739 923 1805 Fulvio
949 1739 1046 1806 Lucio
1072 1737 1191 1805 Marcio
1216 1739 1301 1805 aedi·

191 1837 274 1909 libus
296 1833 464 1926 cumlibus,
486 1843 540 1926 qui
561 1842 604 1907 ad
626 1839 758 1907 eundem
780 1861 897 1906 annum
921 1877 956 1890 -
981 1861 1011 1907 a.
1032 1840 1070 1909 U.
1099 1861 1125 1911 c.
1158 1839 1303 1910 DXOIV.

193 1980 236 1992 -
258 1943 326 2010 sine
348 1943 443 2010 dubio
464 1944 622 2010 referendi
638 1950 720 2019 sunt,
743 1943 818 2026 quia
843 1942 1010 2008 Terentius
1033 1941 1097 2007 iam
1123 1940 1303 2025 insequenti

192 2066 276 2112 auno
297 2047 331 2112 iu
354 2047 521 2113 Graeciam
544 2044 703 2130 profectus
726 2044 863 2112 moritur.

279 2182 377 2249 Ludis
399 2190 504 2248 autem
526 2183 762 2266 Megalensibus
783 2181 917 2265 primam
933 2179 1087 2246 actionem
1104 2179 1303 2245 tribuendam

191 2303 264 2350 esse
279 2284 380 2350 codici
401 2281 552 2350 Bembina
568 2291 600 2349 et
613 2285 739 2350 Donato
754 2282 887 2349 testibus
902 2281 1104 2364 confidimus,
1119 2281 1211 2347 ludos
1226 2299 1303 2347 vcro

190 2385 361 2468 Romanos,
377 2405 455 2468 quos
479 2385 604 2452 codices
627 2384 764 2468 Calliopi
783 2385 946 2468 praebent,
967 2383 1149 2450 referendos
1172 2402 1245 2449 esse
1259 2384 1302 2450 ad

191 2486 316 2568 tertiam
339 2486 503 2570 actionem,
526 2486 559 2553 id
582 2486 667 2570 quod
692 2485 866 2551 Ritschelio
892 2504 964 2550 cum
988 2485 1102 2570 Pighio
1128 2485 1299 2552 verisimile

190 2587 324 2668 videtur,
347 2607 411 2652 non
432 2587 535 2654 habeo
558 2587 642 2672 quod
663 2586 856 2672 impugnem.
1297 2575 1304 2592 ‘

276 2723 349 2791 iam
372 2723 508 2808 denique
529 2731 652 2791 restant
675 2726 771 2792 etiam
798 2725 970 2792 nonnullae
996 2722 1201 2806 dificultates,
1224 2741 1300 2788 non-

192 2825 275 2892 dum
288 2825 530 2893 animadversae
552 2828 606 2892 vel
626 2833 766 2893 remotae
787 2847 808 2892 a
829 2827 905 2894 viris
927 2824 1037 2900 doctis,
1058 2843 1140 2907 quae
1161 2843 1301 2907 quomo

191 2928 232 2994 do
253 2928 404 2995 tollantur
423 2928 515 2994 nobis
544 2928 749 3012 cogitandum
779 2932 838 2997 est.
881 2926 1003 3006 Quodsi
1029 2924 1116 3010 apud
1141 2925 1301 2991 Donatum

192 3028 239 3113 (in
260 3029 360 3112 praef.
382 3030 460 3099 Hec.
476 3031 526 3100 ed.
548 3031 653 3101 Klotz.
668 3052 700 3116 p.
725 3033 785 3098 193
808 3031 827 3096 b
851 3032 892 3097 14
914 3027 955 3114 s.)
977 3026 1058 3093 haec
1078 3028 1189 3092 verba:
1205 3075 1234 3111 ,.
1258 3075 1267 3092 .
1290 3074 1300 3093 .

192 3129 276 3214 quod
298 3149 397 3215 saepe
419 3131 549 3197 exclusa
570 3133 651 3199 haee
672 3132 847 3200 comoedia‘
869 3131 955 3198 etin
977 3135 1059 3197 auct,
1086 3129 1141 3198 vit.
1171 3129 1301 3195 Terenti

191 3232 291 3317 (Suet.
320 3232 370 3302 ed.
392 3232 576 3303 Reiffersch.
605 3255 637 3318 p.
657 3237 708 3305 35.
737 3235 757 3304 l.
782 3233 846 3315 11).
868 3233 1007 3317 ,Hecyra
1034 3250 1133 3316 saepe
1161 3229 1301 3312 exclusa,

190 3333 245 3399 vix
270 3338 344 3398 acta
363 3332 422 3400 est‘
441 3334 598 3418 leguntur,
628 3341 661 3400 et
686 3333 836 3418 quoniam
861 3335 975 3400 vocula
1002 3329 1121 3416 ,saepe‘
1147 3350 1211 3396 non
1232 3330 1303 3412 ,bis‘

192 3434 363 3520 significari
384 3435 418 3499 in
439 3436 546 3502 oculos
569 3435 713 3520 incurrit,
739 3436 962 3519 grammaticos
985 3435 1026 3501 de
1054 3450 1184 3498 numero
1205 3432 1302 3498 actio·

191 3556 266 3602 num
298 3535 379 3602 inter
411 3555 446 3602 se
478 3535 648 3602 dissentire
668 3557 761 3606 nemo
792 3537 932 3621 negabit.
981 3536 1085 3619 Atque
1116 3535 1180 3600 iam
1221 3534 1302 3599 Wil-

191 3636 364 3719 mauusius,
385 3635 439 3721 (cf.
460 3637 494 3702 in
515 3657 594 3707 mus.
617 3637 760 3708 Rhenan.
786 3639 874 3723 XXI,
896 3658 926 3724 p.
951 3637 1016 3720 74.)
1038 3658 1109 3703 cum
1131 3635 1302 3702 intellexis-

192 3745 255 3822 set,
287 3756 398 3822 parum
425 3738 597 3804 verisimile
631 3760 704 3808 esse
732 3741 914 3807 Terentium
936 3740 969 3806 in
991 3739 1122 3825 prologo
1143 3736 1303 3803 Phormio-

191 3839 242 3906 nis
270 3841 312 3920 (v.
337 3841 376 3904 31
400 3836 459 3924 ss.)
486 3841 676 3906 mentionem
711 3841 827 3908 iecisse
853 3843 1000 3926 Hecyrae
1032 3845 1178 3923 quattuor
1210 3837 1302 3903 annis

191 3944 266 4004 ante
287 3945 433 4022 exactae,
462 3929 596 4008 coniecit
616 3941 775 4028 Hecyram
804 3951 878 4028 post
899 3941 1084 4009 Eunuchum
1110 3939 1223 4007 iterum
1238 3947 1301 4009 'ao-
