2892 4464
630 261 844 326 -19—

186 425 285 506 batur,
308 424 485 510 spectanda
505 444 622 510 magno
643 429 776 494 tumultu
798 428 860 496 cito
882 427 1095 514 descenderit3
1116 449 1221 514 neque
1240 451 1292 497 co·

185 526 277 593 mites
299 547 320 591 a
340 527 531 608 mulieribus,
559 547 641 612 quae
668 528 758 596 ludos
787 530 951 597 scaenicos
977 549 999 596 a
1024 530 1100 598 viris
1129 532 1292 608 seiunctae
1342 617 1349 625 ι

185 634 331 712 spectare
352 629 506 712 solebant,
522 629 658 697 clamore
679 632 849 698 arcessitos
864 651 928 698 non
940 650 1024 709 esse,
1046 651 1083 700 eo
1098 633 1291 720 probabilius

185 735 243 814 est,
265 729 340 815 quia
358 736 486 799 ‘constat
507 729 629 798 ludicra
650 731 803 799 circensia
824 753 845 799 a
865 733 942 800 uiris
969 733 1213 819 mulieribusque
1238 755 1290 803 us-

184 850 246 915 que
287 831 330 896 ad
373 831 487 898 umuli
521 832 669 900 Caesaris
702 840 841 902 aetatem
876 841 1022 921 spectata
1059 855 1133 904 esse
1175 837 1290 923 promi·

183 952 268 1003 seue.
315 932 454 1020 (Becker
474 971 485 982 -
507 935 690 1020 Marquardt
711 938 734 1006 l.
765 958 792 1008 c.
820 937 876 1018 IV,
898 959 932 1024 p.
953 939 1028 1007 497.
1059 945 1138 1009 extr.
1156 955 1188 1023 p.
1217 941 1291 1008 531.

187 1034 261 1100 adn.
276 1036 320 1116 3.)

265 1136 393 1204 Deinde
411 1137 441 1205 si
460 1144 546 1205 recte
567 1140 607 1206 ab
628 1139 755 1207 Hahnio
776 1138 811 1226 (l.
834 1137 875 1226 e.)
895 1139 1090 1226 disputatum
1113 1146 1171 1225 est,
1197 1123 1300 1224 quin-'

181 1239 391 1323 quepartitam
422 1246 549 1307 actuum
579 1240 830 1310 distributionem
865 1242 955 1309 illam
997 1243 1111 1310 Plauto
1144 1242 1285 1310 nondum

179 1339 330 1407 usitatam
364 1340 472 1426 luisse,
503 1341 589 1408 idem
618 1343 662 1410 ad
696 1343 820 1411 tabulas
851 1345 1058 1412 Terentianus
1089 1343 1288 1412 referendum

180 1461 253 1509 ease
272 1450 359 1528 puto,
382 1443 458 1527 qaia
477 1443 557 1509 nihil
578 1449 636 1528 est,
657 1444 742 1528 quod
767 1445 936 1516 Terentius
956 1446 1062 1532 potius
1083 1452 1173 1512 actus
1199 1447 1288 1531 quin·

179 1563 240 1629 que
263 1544 449 1612 distinxisse
470 1545 616 1613 rideatur
636 1565 732 1638 quam
752 1547 895 1617 Plautus.
936 1548 1050 1632 Itaque
1064 1549 1162 1616 verba
1178 1549 1289 1634 ,primo

179 1652 253 1713 actu
273 1647 397 1732 placeo‘
417 1667 481 1714 non
502 1647 549 1713 ita
569 1641 824 1716 videntur'dicta
844 1669 927 1726 esse,
948 1656 985 1716 ut
1005 1649 1045 1716 de
1071 1651 1172 1736 primo
1200 1651 1290 1734 quin-

180 1768 242 1832 que
268 1756 404 1833 aetuum,
427 1749 486 1816 sed
509 1748 550 1815 de
576 1749 745 1834 principali
769 1751 915 1818 vocabuli
941 1759 1031 1818 actus
1058 1751 1290 1836 significatione

83 1841 99 1912 ,’
181 1849 314 1934 (primus
336 1857 426 1918 actus
447 1851 468 1919 i.
492 1870 519 1919 e.
542 1851 663 1935 anlang
683 1851 741 1918 der
762 1851 943 1937 audurungl
967 1851 1169 1937 cogitandum
1191 1855 1242 1922 sit

265 1950 384 2019 Versus
407 1959 577 2036 sequentes
597 1955 725 2020 40-48
747 1959 813 2020 tum
833 1954 873 2020 ab
895 1953 1022 2020 Hahnio
1044 1954 1080 2039 (l.
1102 1975 1129 2020 c.
1151 1975 1182 2040 p.
1206 1957 1226 2023 2
1247 1954 1289 2039 a.)
1364 1943 1367 1950 ’

180 2051 260 2120 satis
282 2052 481 2120 considerate
509 2054 636 2120 tractati
656 2061 730 2122 sunt
756 2061 821 2122 turn
842 2056 963 2123 nullam
983 2054 1101 2122 habent
1122 2055 1287 2123 difficulta-

180 2160 253 2238 tem,
275 2154 334 2222 sed
355 2154 396 2223 de
417 2156 560 2223 versibus
581 2158 719 2232 49-51,
742 2157 797 2240 qui
817 2177 882 2224 non
904 2157 1005 2225 solum
1026 2157 1060 2224 in
1087 2165 1194 2226 nostro
1216 2179 1286 2244 pro·

180 2255 253 2340 logo
284 2256 344 2324 aed
370 2257 468 2324 etiam
489 2256 522 2322 ln
542 2258 638 2326 Haut
662 2258 718 2342 (48
733 2256 775 2342 s.)
789 2265 925 2345 enatant,
946 2259 1010 2325 iam
1025 2258 1215 2346 disputaturi
1236 2281 1287 2328 su·

181 2377 260 2425 mus.
315 2359 513 2443 Inquiramus
545 2366 652 2426 autem
682 2379 816 2428 neeesse
846 2367 905 2437 est,
932 2366 1036 2429 utrum
1060 2361 1095 2428 in
1119 2363 1287 2447 prologum

181 2459 215 2527 hi
235 2480 347 2529 versus
368 2480 443 2529 rere
463 2460 621 2529 referendi
642 2461 719 2530 sint:
741 2482 763 2530 a
783 2461 933 2529 Terentio
954 2464 1038 2531 enim
1059 2462 1144 2530 idom
1166 2463 1287 2531 eisdem

180 2563 285 2630 verbis
307 2563 356 2630 bis
378 2563 497 2630 dictum
527 2582 600 2632 esse
620 2583 723 2649 nemo,
744 2571 780 2631 ut
801 2583 904 2650 spero,
933 2563 1110 2632 muteudet
1153 2564 1219 2632 Sed
1244 2585 1286 2634 ue

180 2663 341 2734 Donatum
366 2663 495 2748 quidem
513 2664 573 2733 hos
594 2685 706 2733 versus
733 2665 782 2732 bis
812 2664 932 2750 legisse
953 2665 987 2732 in
1014 2665 1155 2752 prologis
1193 2666 1287 2733 facile

181 2765 362 2850 credideris,
386 2783 457 2832 cum
474 2767 698 2851 grammaticus
711 2767 845 2833 adllun.
866 2768 989 2854 prolog.
1010 2785 1137 2835 versum
1151 2768 1285 2852 primum

119 2909 130 2924 κ
180 2868 324 2936 adnouu
346 2867 561 2944 ,Attendenda
573 2871 687 2947 posue
701 2869 802 2953 eopia,
817 2869 902 2953 quod
915 2869 949 2935 in
963 2874 1010 2936 tot
1024 2867 1164 2953 prologis
1179 2869 1219 2936 ab
1235 2890 1287 2936 ea·

180 2972 253 3038 dem
268 2989 392 3054 caussa,
407 2968 528 3036 eisdem
542 2971 608 3036 lere
621 2970 798 3046 sententiis,
813 2970 909 3038 variis
924 2968 1157 3038 verbicarius!
1171 2969 1286 3049 Quam·

180 3093 275 3159 quam
296 3091 371 3139 vero
391 3091 467 3139 uum
488 3071 633 3138 Donatus
655 3091 766 3139 versus
793 3071 865 3138 illos
897 3072 932 3137 in
957 3072 1052 3138 Haut.
1080 3073 1212 3157 prologo
1239 3073 1285 3138 in·

178 3174 310 3259 venerit,
331 3194 395 3242 non
411 3177 496 3240 certe
510 3173 637 3255 seimus,
660 3173 736 3256 quia
749 3172 1006 3240 commentarium
1020 3171 1064 3240 ad
1077 3173 1173 3240 Haut.
1188 3173 1282 3259 scrip·

179 3285 245 3346 tum
266 3283 357 3344 aetas
378 3283 488 3343 nostra
514 3295 578 3342 non
603 3274 683 3358 tulit,
704 3279 811 3341 tamen
831 3274 896 3341 iam
917 3275 1006 3358 inde,
1032 3272 1118 3359 quod
1139 3274 1284 3343 Donatus

178 3379 342 3448 innostro
363 3375 494 3464 prologo
517 3396 572 3444 eos
594 3377 681 3461 legit,
707 3376 787 3444 satis
807 3382 894 3444 recte
915 3375 1103 3444 concludere
1122 3394 1219 3460 posse
1239 3375 1285 3443 vi·

179 3481 304 3557 demur,
326 3499 437 3548 vorsus
460 3499 480 3546 a
500 3477 706 3564 grammatico
727 3478 762 3546 iu
782 3479 878 3547 Haut.
899 3479 1031 3564 prologo
1051 3477 1198 3543 inventos
1220 3495 1285 3543 non

180 3601 263 3652 esso.
307 3581 373 3650 Sed
394 3600 465 3650 oum
486 3580 527 3648 de
542 3581 603 3647 hoe
623 3600 658 3647 re
672 3579 759 3648 varie
773 3580 907 3648 iudicari
921 3577 1185 3680 possevideatur,
1207 3595 1280 3663 ope·

178 3701 235 3754 rae
255 3684 391 3772 pretium
412 3689 463 3752 est
483 3682 620 3760 studere,
643 3687 679 3748 ut
699 3701 740 3750 ex
759 3681 831 3768 ipso
852 3682 1079 3750 sententiarum
1098 3698 1182 3746 nexu
1211 3698 1284 3746 cou-

177 3787 325 3874 ligamus,
349 3805 442 3872 quem
467 3784 513 3855 iu·
531 3785 697 3871 prologum
725 3804 838 3852 uersus
869 3783 1027 3852 referendi
1058 3781 1132 3851 sint.
1179 3781 1283 3866 Atque

178 3889 342 3960 Ambivius
356 3887 484 3973 quidem
497 3886 531 3958 iu
544 3887 645 3956 altero
658 3887 790 3976 prologo
803 3886 958 3974 Hecyrae,
972 3891 1141 3972 postquam
1156 3882 1285 3972 copioso
