2896 4460
623 301 813 368 ...8.-

165 482 269 545 retur:
292 475 350 543 sed
372 475 405 546 in
425 475 521 544 Haut.
544 475 595 545 83.
617 471 726 559 ,mibi‘,
748 469 833 555 qnod
854 469 888 537 in
910 470 1044 539 duobus.
1057 470 1214 540 eodieibus
1229 471 1273 538 le

164 579 262 664 gitur,
294 576 467 646 desiderari
494 597 558 646 non
584 581 698 664 potest.
733 574 817 654 Quid
849 575 979 642 autem?
1014 574 1091 642 Sola
1128 573 1274 660 graviore

165 680 416 768 interponetione
448 701 574 750 ermom
605 679 715 748 senari
737 677 784 746 ita
815 678 970 747 retardari
1003 678 1210 764 eonieiamus‚
1238 687 1274 748 ut

165 785 271 853 hiatus
292 783 475 851 aTerentio
496 783 655 850 admissus
676 781 726 866 sit,
749 801 819 849 eum
841 782 925 850 hano
938 782 1098 850 lieentiam
1112 783 1273 869 angustis-

166 887 254 956 simis
281 887 395 955 linibus
416 907 437 953 a
457 892 552 972 polita
572 887 727 954 inelusam
749 904 823 954 esse
843 885 1031 956 videamus?
1077 887 1148 954 Hue
1173 886 1271 958 Andr.

164 1012 194 1060 v.
219 991 288 1063 125.
310 988 493 1058 referendus
514 1009 578 1058 non
600 994 659 1074 est,
683 987 767 1075 quod
789 990 849 1057 hoe
870 990 940 1057 loeo
954 989 1060 1059 hiatus
1076 1011 1209 1058 eaesnra
1223 1010 1272 1059 se·

164 1093 390 1180 miseptenaria
411 1101 443 1163 et
463 1092 681 1164 interiectione
702 1093 781 1160 satis
796 1091 966 1178 mitigatur.
1003 1093 1069 1161 Sed
1081 1112 1174 1162 nemo
1188 1093 1273 1163 hane

163 1197 324 1266 licentiam
339 1197 372 1264 in
386 1199 482 1271 Haut.
496 1201 558 1268 461
576 1216 729 1265 excusare
743 1203 863 1282 posset,
878 1196 1004 1264 etiamsi
1016 1203 1146 1283 propter
1166 1197 1272 1283 ipsum

166 1323 293 1372 sensum
329 1302 446 1388 ,babui‘
472 1304 506 1370 in
530 1305 662 1390 ‚habuit‘
688 1301 873 1370 mutandum
899 1320 972 1369 esse
999 1319 1064 1368 non
1091 1307 1270 1388 appareret.

164 1407 368 1477 Menedemus
390 1407 474 1474 enim
495 1414 703 1496 posteaquam
726 1426 761 1475 sa
783 1427 803 1472 a
824 1403 988 1472 meretriee
1010 1403 1192 1472 sollieitum.
1211 1403 1267 1470 bu·

165 1511 262 1578 bitum
285 1529 357 1578 esse
379 1510 615 1598 demonstravit,
638 1516 759 1579 eeteros
781 1529 901 1578 omnes·
915 1507 1057 1577 eiusdem
1078 1508 1183 1595 maha
1203 1529 1267 1577 non

164 1613 330 1682 otiosiores
351 1613 451 1683 fuisse
472 1614 571 1687 addit
613 1613 733 1682 llodem
753 1614 822 1681 iure
846 1613 881 1680 in
910 1613 1035 1685 Phorm.
1068 1631 1163 1680 versu
1193 1613 1266 1684 656.

163 1717 359 1785 restituenda
385 1719 499 1788 voeula
524 1719 586 1805 ‚et‘,
608 1737 692 1803 qnae
717 1717 751 1784 in
778 1717 847 1789 eod.
876 1717 984 1788 B'emb.
1012 1715 1150 1802 aliisque
1178 1715 1270 1796 codd,

165 1818 265 1903 deest,
286 1819 392 1890 hiatus
413 1822 567 1891 delendus
589 1829 648 1893 est.

249 1923 340 2003 Quae
361 1925 390 1993 si
408 1932 494 1994 reete
508 1926 670 2014 disputata
684 1934 767 2013 sunt,-
788 1926 884 1996 stiam
903 1927 936 1994 in
952 1945 1047 1995 uersu
1061 1931 1169 1994 nostro
1180 1924 1271 2013 (Heu.

164 2026 242 2113 prol.
265 2047 294 2097 r.
321 2029 362 2106 l.)
382 2027 502 2096 hiatum
528 2032 657 2098 tolerari
681 2052 744 2098 non
770 2049 867 2118 posse
894 2037 1028 2117 apparet
1047 2036 1080 2097 et
1106 2029 1147 2096 de
1176 2029 1273 2097 medi·

165 2127 237 2195 eina
258 2149 322 2214 qua
341 2149 453 2200 uersus
476 2119 600 2203 duretur
620 2135 684 2202 iam
712 2135 926 2220 quaerendum
953 2140 1011 2205 est.
1059 2135 1170 2220 Neque
1195 2153 1272 2202 uero

164 2233 367 2301 Fleckeiseni
388 2237 585 2306 coniecturas
608 2258 705 2327 supra
720 2261 740 2305 a
753 2257 804 2306 me
819 2238 1014 2326 propositas,
1036 2237 1149 2323 quibos
1164 2236 1271 2305 hiatus

165 2334 317 2417 deleatur,
337 2338 459 2407 ratione
480 2361 588 2411 carere
611 2344 786 2412 contendet
810 2342 884 2410 vide
906 2347 1021 2426 tamen,
1043 2360 1119 2408 num
1133 2340 1272 2408 fortasse

165 2438 326 2524 aliquanto
353 2440 477 2513 facilius
506 2451 538 2514 et
566 2447 758 2515 commodius
785 2445 887 2530 ,haee‘
920 2446 955 2512 in
986 2451 1089 2531 ,quae‘
1123 2451 1268 2516 mutetur.

164 2541 232 2608 Nee
253 2541 356 2610 minus
375 2541 468 2614 heile
488 2547 557 2618 fieri
578 2551 729 2637 potuisse,
751 2556 786 2618 ut
800 2550 900 2632 ,haee‘
917 2569 956 2616 ex
971 2555 1075 2634 ,quae‘
1091 2553 1271 2634 corruptum

165 2644 216 2719 sit,
245 2665 339 2728 quam
365 2653 400 2714 ut
430 2648 505 2719 illae
532 2655 739 2740 eorruptelae,
767 2673 847 2738 quas
873 2651 1103 2720 Fleckeisenus
1130 2657 1271 2718 statuere

164 2747 240 2831 vnlt,
256 2747 447 2838 irrepserint,
463 2755 540 2823 mibi
551 2756 679 2841 quidem
693 2777 880 2844 persuasum
895 2762 958 2824 est:
974 2773 1148 2841 pronomen
1164 2761 1270 2822 antem

163 2849 329 2917 relativum
349 2872 406 2938 pro
427 2854 673 2928 demonstrativo
695 2859 877 2928 aTerentio
900 2859 1038 2946 positum
1053 2877 1127 2927 esse
1147 2857 1268 2946 prolog.

117 2983 119 2988 ·
164 2953 261 3024 Andr.
283 2973 394 3024 versus
419 2962 466 3030 18.
489 2961 569 3030 satis
590 2968 732 3033 testatur.

247 3055 319 3124 Jam
341 3063 482 3148 sequitur
502 3070 537 3132 ut
558 3067 598 3134 de
619 3067 719 3133 altero
742 3085 837 3134 uersu
859 3065 1063 3135 disseramus.
1107 3063 1138 3133 A
1168 3065 1271 3132 termi-

164 3163 325 3231 nationem
351 3165 536 3235 nominativi
572 3171 744 3256 singularis
780 3169 1012 3237 declinationis·
1033 3169 1153 3255 primae
1188 3188 1272 3255 quae

164 3265 278 3334 dieitur
299 3287 320 3335 a
340 3268 489 3338 Terentio
509 3271 573 3338 iam
595 3294 658 3340 non
672 3295 730 3359 pro
745 3274 842 3360 longa
857 3272 982 3359 syllaba
996 3271 1170 3340 adhibitam
1186 3291 1270 3356 erse,

164 3376 332 3456 propterea
353 3370 437 3456 quod
458 3393 613 3459 nusquam
635 3379 733 3444 ullum
754 3376 848 3444 buius
869 3395 946 3444 usus
973 3374 1142 3461 vestigium
1169 3375 1202 3442 in
1224 3375 1270 3443 fa-

164 3472 246 3540 bulis
269 3473 468 3544 Terentianis
487 3476 652 3565 invenitur,
675 3480 776 3548 eoniei
798 3486 931 3566 oportet.
975 3477 1054 3546 Cum
1073 3477 1169 3563 igitur
1189 3477 1270 3546 ratio

164 3574 314 3662 Brixiam,
336 3577 390 3662 qni
411 3581 492 3646 ntra
512 3579 546 3647 in
566 3601 660 3650 versu
681 3589 789 3651 nostro
811 3581 914 3650 metiri
934 3582 1011 3658 vult,
1034 3579 1125 3666 sequi
1145 3599 1204 3648 nos
1219 3599 1271 3649 ve·

167 3684 225 3762 tet,
246 3699 373 3748 versum
395 3689 573 3769 corruptum
596 3705 668 3754 esse
690 3686 822 3754 fidenter
845 3684 1010 3753 credamus
1033 3690 1066 3751 et
1094 3683 1134 3750 de
1166 3703 1270 3751 emen·

163 3787 292 3854 datione
312 3784 532 3860 deliberemus.
571 3786 683 3872 Atque
710 3789 875 3856 Bentleius
901 3787 1029 3874 quidem
1054 3785 1103 3854 vir
1129 3805 1269 3855 sommus

163 3910 256 3978 ,nora
271 3889 312 3957 ei‘
323 3888 459 3958 seribere
473 3893 581 3988 voluit
603 3891 844 3960 Brixiae-autem
859 3897 968 3958 eonha
978 3891 1061 3957 hane
1076 3889 1267 3958 emendatio·

164 4017 236 4065 nem
257 3999 343 4068 reete
364 3994 666 4068 admonuissemibi
681 3996 804 4064 videtur
827 3993 1006 4078 (ad-Plana
1028 3993 1113 4063 Trio.
1135 4012 1166 4061 v.
1198 3995 1267 4066 187.

1425 618 1434 739 i
