2896 4460
5 733 9 924 ,
139 837 142 844 s

637 309 847 376 ...23-

191 475 337 562 equidem
358 495 416 560 pro
430 479 516 541 certo
538 474 639 543 habco
662 511 702 524 -
724 496 820 560 quam
840 497 916 544 num
941 480 1013 562 quis
1041 481 1103 548 sibi
1128 501 1296 567 persuasu·

187 599 242 646 rus
265 578 316 653 sit,
338 578 437 643 ullum
458 582 585 662 poetam
607 578 675 644 sive
696 577 880 658 Terentium
900 577 969 646 sive
996 580 1093 647 alium
1120 589 1184 649 tam
1211 584 1297 650 insa-

187 700 263 746 num
283 677 393 754 fuisse,
415 685 451 743 ut
466 678 556 744 titulo
577 677 738 764 ‚adelpboi
765 679 904 746 'Ferenti‘
931 684 1169 765 pronunciando
1194 685 1297 769 magis

187 801 283 866 quam
303 779 447 864 ,Terenti
468 779 629 865 adelphoi‘
652 781 859 847 attentionem
879 783 1002 866 acquiri
1023 783 1200 856 crediderit.

273 882 426 949 Omnibus
447 880 543 966 igitur
563 883 657 949 rebus
679 883 887 951 consideratis
908 885 1068 952 Donatum
1089 905 1138 969 ea,
1159 905 1242 970 quae
1257 885 1298 953 de

188 984 272 1052 tituli
292 983 551 1069 pronunciatione
572 983 675 1065 docet,
696 985 758 1051 sibi
778 985 911 1052 finxisse
925 986 1002 1052 solis
1016 987 1088 1053 luce
1102 987 1218 1054 clarius
1239 995 1295 1058 est.

188 1088 300 1170 Neque
322 1086 382 1152 hoe
395 1085 491 1151 valde
513 1085 625 1152 mimm
653 1091 710 1170 est,
740 1105 811 1151 cum
838 1087 872 1151 in
905 1086 1020 1154 libellis
1045 1087 1098 1172 ,de
1124 1087 1299 1155 comoedia‘

189 1194 222 1256 et
241 1187 293 1271 ,de
322 1186 486 1254 comoedia
512 1193 545 1254 ct
571 1187 747 1271 tragoedia‘
774 1188 895 1273 passim
920 1188 1005 1255 falsa
1031 1189 1115 1256 veris
1141 1189 1299 1274 permixta

190 1308 264 1356 esse
286 1289 379 1355 certis
401 1287 595 1373 argumentis
616 1290 781 1373 probatum
796 1289 839 1356 sit
859 1287 912 1373 (cs.
927 1290 1032 1360 Hahn.
1048 1297 1170 1374 quaest.
1187 1311 1295 1362 scaen.

274 1491 332 1558 (lui
354 1491 468 1557 rationi
489 1489 614 1576 prologi
635 1489 821 1558 serviverint
842 1511 914 1558 eum
935 1490 1116 1577 viderimus,
1138 1491 1202 1558 iam
1224 1509 1296 1558 cou-

191 1591 394 1660 siderandum
416 1592 485 1668 crit,
508 1593 662 1675 aquibus
685 1593 884 1678 pronunciati
905 1594 979 1664 sint.
1020 1595 1072 1659 De
1098 1613 1138 1660 ea
1158 1612 1193 1660 re
1214 1610 1298 1676 quae

190 1695 308 1762 scimus
328 1715 392 1759 non
414 1698 488 1760 sunt
509 1695 617 1764 multa.
660 1695 742 1760 Nam
763 1701 798 1760 ut
820 1715 868 1779 ea,
891 1715 973 1779 quae
988 1714 1028 1760 ex
1048 1694 1189 1779 prologis
1203 1692 1297 1759 Plau·

188 1794 264 1861 tinis
287 1795 498 1879 conligamus,
521 1794 647 1861 silentio
677 1794 1006 1880 praetermittamus,*)
1035 1815 1075 1861 ex
1096 1793 1296 1861 Terentianis

187 1897 268 1962 nibil
288 1896 376 1962 aliud
398 1895 508 1982 (Haut.
536 1911 567 1965 v.
597 1895 642 1981 2.)
675 1897 807 1963 efficitur
832 1898 896 1964 nisi
922 1897 1173 1964 adulescentium
1197 1894 1297 1962 fuisse

189 1999 293 2082 eloqui
315 1999 497 2084 prologum:
521 2018 619 2081 quare
640 1995 812 2064 verisimile
833 2004 883 2065 cst
910 2005 966 2064 aut
992 1998 1153 2064 dominum
1178 1997 1296 2082 gregis,

171 2099 216 2165 ‚si
231 2099 358 2182 quidem
380 2098 570 2165 adulescens
592 2106 669 2182 crat,
691 2105 748 2164 aut
769 2119 840 2165 eum
861 2105 1009 2176 actorem,
1032 2099 1087 2182 qui
1107 2103 1215 2184 partes
1235 2099 1299 2182 pri·

188 2201 305 2267 marias
330 2199 545 2267 adulescentis
571 2202 697 2284 agebat,
725 2203 890 2286 prologum
915 2201 1180 2285 pronuntiavisse.
1228 2200 1297 2268 Nec

187 2323 264 2370 vcro
279 2303 320 2370 de
342 2308 454 2369 ornatu
469 2303 593 2387 prologi
614 2303 783 2386 quicquam
806 2305 883 2370 certi
910 2303 1069 2369 enucleari
1100 2321 1199 2389 posse
1224 2321 1299 2367 eum

188 2406 252 2471 iam
274 2424 371 2488 supra
392 2403 721 2487 demonstraverimus,
736 2405 770 2470 in
792 2426 830 2472 eo
851 2405 956 2490 potius
977 2403 1057 2469 nihil
1071 2404 1207 2489 amplius
1223 2403 1297 2470 sciri

143 2501 147 2507 ’
188 2505 279 2573 nobis
301 2505 527 2588 quiescendum
555 2506 622 2590 evit,
655 2527 749 2590 quam
777 2514 812 2573 ut
837 2505 987 2574 hariolari
1013 2525 1108 2589 quam
1134 2504 1297 2588 disputare

189 2606 345 2676 malimus.
389 2606 439 2672 De
460 2607 605 2673 Ambivio
633 2628 716 2690 quae
742 2608 860 2674 addam
886 2607 1056 2675 admodum
1083 2625 1186 2690 pauca
1212 2611 1295 2675 suut.

188 2709 367 2776 Ambivium
387 2715 535 2792 actorem,
557 2709 619 2792 qui,
642 2716 678 2775 ut
697 2729 738 2775 ex
759 2709 944 2776 didascaliis
969 2708 1159 2792 accipimus,
1186 2725 1295 2772 omues

188 2810 323 2877 Terenti·
340 2810 464 2876 fabulas
486 2810 621 2893 primum
644 2809 717 2894 egit,
741 2829 827 2877 more
848 2810 986 2876 omnium
1007 2809 1093 2876 illius
1115 2807 1230 2873 aetatis
1245 2827 1296 2872 ac·

189 2921 289 2979 torum
308 2909 364 2997 (ci.
397 2911 522 2977 Becker
536 2947 548 2960 ·
561 2911 682 2994 Marqu.
709 2912 731 2981 l.
760 2931 787 2981 c.
809 2911 864 2994 IV,
893 2931 925 2995 p.
957 2909 1045 2995 534.)
1088 2928 1214 2976 servum
1245 2907 1304 3001 vel

188 3015 293 3100 potius
315 3014 460 3080 libertum
478 3011 578 3079 iuvisse
600 3019 847 3079 consentaneum
869 3018 932 3079 est:
954 3012 987 3078 id
1009 3010 1093 3094 quod
1114 3029 1178 3076 non
1197 3010 1296 3094 impe·

189 3115 305 3200 diebat,
325 3113 492 3200 quominus
519 3134 674 3180 summam
694 3115 830 3199 gratiam
856 3119 985 3199 propter
1015 3112 1208 3195 singularem
1235 3109 1296 3176 vir·

189 3223 287 3284 tutem
307 3217 410 3286 iniret.
435 3214 538 3302 (idem
552 3217 593 3282 de
605 3217 668 3282 alio
682 3215 819 3301 quodam
834 3221 941 3282 actore
956 3213 1123 3299 conligitur
1137 3231 1155 3278 e
1169 3212 1294 3280 Phorm.

186 3320 265 3404 prol.
287 3339 317 3387 v.
342 3319 408 3398 16.)

140 3491 143 3498 ,
272 3418 486 3501 Quaecunque
507 3416 549 3483 dc
569 3416 636 3483 vita
656 3416 782 3484 Ambivi
803 3416 937 3491 scimus,
951 3413 1052 3481 ‘alteri
1072 3414 1204 3499 prologo
1228 3412 1291 3480 Hc·

188 3541 284 3606 cyrae
304 3522 466 3596 detentu,
488 3520 543 3586 ubi
562 3519 603 3585 de
625 3520 752 3604 seipse
774 3523 889 3600 ramat,
912 3535 948 3583 sc
969 3516 1206 3582 adulescentem
1229 3515 1294 3595 (tri-

187 3625 278 3708 ginta
297 3623 363 3689 tere
384 3642 486 3690 annos
497 3627 607 3688 natum
618 3660 659 3672 -
674 3621 713 3690 cf.
736 3620 867 3690 Ritsohl.
883 3620 1012 3703 Parcrg.
1027 3637 1059 3703 p.
1077 3618 1149 3688 187.
1165 3615 1242 3704 adu.¹
1252 3651 1292 3663 -

256 3775 285 3843 s)
302 3775 449 3844 Pcrpcram
466 3772 555 3828 Heln.
574 3774 627 3840 (qu.
647 3772 696 3828 sel.
714 3787 740 3841 p.
759 3771 812 3836 18.)
830 3787 940 3828 versum
957 3770 983 3826 4.
1000 3770 1111 3827 Merme
1123 3767 1241 3826 Plautio.
1256 3767 1295 3822 in·

188 3864 359 3930 terpretatur,
376 3857 450 3914 undo
467 3873 498 3914 ve
515 3857 651 3926 conligere
668 3857 814 3913 arbitretur
831 3873 848 3914 a
866 3855 1065 3914 cousuetudine
1077 3855 1195 3912 alienum
1208 3853 1295 3911 tuisse

189 3946 331 4016 prologum
348 3943 385 4002 ab
402 3947 495 4002 actore
511 3942 638 4014 primario
654 3941 836 4014 pronunciari.
