2896 4460
628 321 836 388 ..10-

184 497 293 560 nostro
317 528 353 558 -ε
382 489 537 558 traductio
571 491 727 576 quaedam
758 511 871 559 sensus
905 490 1051 576 efficitur,
1084 490 1212 558 minime
1243 511 1290 560 re·

208 594 306 664 odiat.
786 623 788 628 ·

185 616 206 683 p
270 697 385 766 Thesis
400 697 486 768 XIV.
502 717 597 781 quam
611 698 728 764 lhnius'
744 698 793 780 tin
805 697 941 784 append.
958 705 1080 782 quaest.
1095 699 1292 786 Terentiam.)

186 801 359 889 proposuit,
381 801 546 886 prologum
569 801 707 886 priorem
724 801 870 888 Hecyrae
891 821 1036 868 maneum
1062 821 1136 869 esse
1163 803 1196 868 in
1217 803 1290 888 fine,

186 926 280 990 quam
306 904 477 989 probabilis
505 905 637 970 sitiam
663 911 792 989 propter
817 904 915 984 ipsius
943 906 1066 990 prologi
1096 907 1291 991 brevitatem,

186 1028 278 1076 nemo
300 1027 364 1075 non
385 1007 490 1075 videt:
513 1007 598 1092 quod
619 1015 784 1093 praeterea
798 1009 908 1074 Ihnius
930 1009 1025 1075 scribi
1046 1009 1127 1080 vult:
1143 1009 1237 1085 ‚hanc
1252 1011 1292 1076 ob

185 1133 252 1179 rem
273 1112 374 1179 noluit
394 1111 505 1178 itemm
527 1111 652 1196 reterre,
674 1118 709 1178 ut
733 1111 845 1178 iterum
871 1111 1293 1197 possitvende1·e‚sed...‘

186 1216 295 1283 nescio
321 1235 362 1281 an
390 1223 476 1282 reete
503 1215 536 1280 id
563 1236 583 1280 a
610 1215 819 1281 Fleckeiseno
850 1214 883 1282 in
909 1221 1028 1282 textum
1055 1224 1215 1302 receptum
1243 1217 1295 1297 sit,

187 1320 262 1405 quia
273 1319 443 1387 verisimile
455 1325 505 1386 cst
517 1325 643 1404 poetam
658 1319 697 1386 iis
712 1319 855 1386 versibus
870 1319 923 1403 qui
934 1319 1101 1405 septimum
1112 1326 1294 1405 sequnntur,

188 1423 242 1508 qui
262 1422 371 1490 nescio
393 1443 455 1506 quo
477 1421 570 1490 modo
591 1421 760 1507 perierunt,
783 1422 950 1489 enunciata
984 1424 1139 1490 avocula
1154 1422 1233 1508 ‚sed‘
1247 1422 1295 1488 in-

189 1526 331 1612 cipienti,
353 1546 408 1592 cur
429 1526 540 1592 iterum
568 1525 718 1609 retulerit,
746 1525 968 1610 explicavisse.
1012 1525 1078 1592 Sed
1104 1525 1137 1591 in
1157 1526 1219 1592 hac
1250 1525 1294 1592 la·

189 1649 271 1696 cuna
293 1629 347 1713 qui
368 1649 478 1696 versus
502 1629 688 1711 exstiterint,
717 1629 786 1712 quis
814 1648 873 1695 nos
901 1629 1063 1696 docuerit?
1105 1629 1148 1697 At
1174 1636 1223 1697 est
1249 1628 1295 1695 ni-

190 1733 307 1799 mimm.
323 1732 377 1816 qni
398 1752 499 1816 nuper
521 1751 599 1817 „ope
620 1731 740 1798 incerta
762 1738 881 1799 certum
902 1733 963 1798 sibi
984 1733 1123 1799 lahorem
1137 1732 1295 1815 sustulit“,

193 1842 228 1903 ut
250 1835 480 1905 demonstraret
500 1856 611 1904 versus
634 1839 716 1904 7-9
732 1836 855 1921 prologi
877 1837 970 1906 Haut.
992 1836 1025 1900 in
1047 1836 1129 1902 hane
1151 1837 1297 1902 lacunam

191 1939 444 2024 transponendos
467 1959 549 2006 esse.
592 1939 684 2018 Quod
711 1960 773 2023 quo
800 1939 867 2006 iure
893 1940 1048 2016 Dniatzko
1075 1939 1130 2026 (de
1156 1941 1296 2026 prologis

193 2042 350 2110 Plautinis
374 2048 405 2107 et
426 2041 626 2110 Terentianis
648 2065 679 2128 p.
704 2041 768 2130 11.)
790 2043 905 2110 fecisse
926 2043 1079 2127 videatur,
1101 2044 1295 2128 inquiramus

191 2165 325 2213 neeesse
348 2153 406 2213 est.
455 2146 664 2212 Ratiocinatio
699 2147 903 2214 Dziatzlronis
937 2153 986 2213 est
1017 2147 1107 2216 haec.
1158 2135 1316 2214 Primum

193 2249 319 2334 quidem
341 2250 374 2315 in
396 2270 433 2317 eo
457 2249 596 2328 offendit,
618 2250 702 2333 quod
724 2250 756 2314 in
771 2249 911 2335 prologis
925 2249 1251 2318 Hautontimommeni
1266 2256 1299 2317 et

192 2355 339 2438 Hecyrae
367 2350 420 2439 (cl.
442 2353 537 2422 Haut.
560 2374 589 2422 v.
612 2355 641 2422 5.
664 2353 742 2422 Hec.
769 2373 799 2418 v.
830 2356 858 2420 1.
884 2372 914 2418 v.
942 2354 1008 2437 29.)
1034 2352 1142 2421 titulus
1170 2352 1298 2420 fabulae

192 2456 318 2524 disertis
340 2456 445 2523 verbis
466 2455 653 2538 nominetur,
675 2476 770 2539 quum
791 2476 856 2522 non
876 2457 933 2522 liat
952 2455 984 2521 in
999 2457 1070 2524 aliis
1084 2457 1225 2542 prologis
1236 2457 1296 2523 Te·

192 2559 359 2627 rentienis:
383 2579 442 2644 ego
464 2579 538 2625 vero
561 2559 704 2625 omnibus
726 2559 758 2624 in
779 2558 920 2644 prologis
932 2560 1019 2626 nullo
1035 2567 1167 2646 excepto
1181 2579 1297 2627 nomen

192 2665 319 2731 tabulae
348 2665 427 2730 setis
456 2662 627 2747 significari
653 2663 705 2729 vel
730 2662 832 2747 repeti
858 2661 951 2730 oredo
978 2661 1030 2743 (cl.
1059 2663 1160 2732 Andr.
1187 2665 1216 2732 9.
1246 2665 1296 2732 13.

193 2769 272 2838 Hun.
295 2771 345 2838 20.
369 2769 422 2849 45,
449 2767 574 2836 Phorm.
597 2769 678 2836 ros.
700 2765 760 2835 Ad.
786 2763 860 2851 la),
882 2773 1049 2850 postquam
1065 2767 1128 2832 iarn
1154 2773 1230 2832 ante
1251 2767 1297 2832 lu·

194 2871 303 2939 dorum
324 2871 445 2937 initium
467 2867 575 2936 titulus
598 2871 726 2936 fabulae
748 2876 805 2954 per
828 2890 1017 2953 praeconem
1044 2869 1175 2937 aliterve
1201 2889 1298 2936 enun-

194 2977 294 3043 ciatus
317 2981 374 3059 est,
397 2975 481 3058 quod
502 2974 629 3058 quidem
649 2975 855 3060 probabiliter
876 2973 992 3040 fectum
1016 2993 1089 3040 esse
1110 2973 1205 3039 etiem
1225 2971 1299 3038 Dzi-
1337 3045 1341 3052 ⁴

194 3079 288 3146 atrko
318 3077 472 3148 concedit.
516 3077 581 3144 Sed
604 3097 685 3161 quae
713 3078 857 3144 Donatus
890 3078 923 3143 in
950 3075 1039 3162 lrgm.
1068 3075 1108 3142 de
1136 3074 1300 3143 comoedia

195 3183 247 3263 (cf.
269 3183 372 3251 Klotz.
394 3179 457 3247 sab.
478 3181 604 3249 Terent.
620 3201 651 3265 p.
673 3181 791 3250 XVllI.
813 3181 834 3249 l.
856 3183 898 3248 23
911 3201 954 3249 ss.
976 3200 1008 3265 p.
1023 3179 1110 3254 XlX‚
1134 3179 1155 3248 l.
1178 3180 1220 3246 34
1241 3176 1302 3263 ss.)

194 3286 235 3353 de
254 3285 514 3371 pronunciatione
535 3284 617 3350 tituli
640 3283 814 3360 tabularum
837 3281 945 3364 tradit,
968 3303 1007 3350 ea
1028 3283 1073 3348 ita
1094 3282 1127 3348 in
1147 3281 1297 3365 Parergis

195 3389 409 3458 altitschelio
431 3393 566 3454 tractata
587 3407 660 3454 esse
681 3386 783 3470 video,
804 3395 840 3453 ut
865 3386 919 3470 qui
950 3386 1033 3452 hano
1061 3385 1236 3470 simplicem
1268 3390 1301 3450 et

194 3492 393 3579 ingeniosam
407 3491 682 3559 ratiocinationem
698 3489 787 3574 sequi
802 3510 865 3556 non
886 3490 961 3574 vult,
985 3510 1035 3557 me
1057 3489 1087 3554 ei
1107 3486 1301 3574 persuadere

196 3616 292 3684 posse
313 3615 417 3682 paene
445 3595 619 3680 desperem.
668 3595 720 3661 De
747 3593 811 3660 fide
838 3594 956 3659 Donati
983 3611 1077 3660 nemo
1103 3591 1239 3658 dubitat:
1266 3590 1300 3656 in

196 3701 283 3769 libris
316 3701 355 3766 ab
389 3719 427 3766 eo
459 3698 589 3784 ‚Andria
625 3696 764 3766 'ferenti‘
798 3703 830 3764 et
850 3696 991 3773 ‚Terenti
1011 3693 1170 3780 adelphoi‘
1191 3693 1300 3760 inven-

197 3812 229 3871 ta
252 3822 324 3870 esse
346 3802 517 3869 verisimile
540 3808 598 3884 est,
621 3800 678 3868 sed
700 3819 782 3884 quae
804 3799 947 3866 Donatus
976 3817 1016 3864 ex
1042 3798 1103 3864 hac
1128 3795 1211 3863 tituli
1236 3794 1301 3862 dis·

199 3905 403 3976 similitudine
425 3925 461 3972 se
483 3905 643 3991 conligere
664 3922 760 3990 posse
787 3900 910 3988 putavit
935 3908 968 3967 et
996 3919 1078 3986 quae
1107 3899 1232 3968 omuino
1260 3897 1301 3965 dc
