2896 4460
650 342 869 408 ...12-

209 509 274 578 iam
294 509 457 578 Bentleius
480 510 581 582 docet.
624 509 713 578 Idem
728 511 771 579 ad
795 513 892 578 verba
911 511 1038 596 ‚deinde
1054 510 1138 597 quod
1158 511 1232 578 veni
1249 512 1314 580 elo·

157 679 159 686 ,
212 615 300 698 quar‘
322 614 500 682 adnotavit:
522 615 688 700 ,Fabulam
709 616 812 700 ipsam
834 635 1000 701 peragam,
1025 615 1068 682 ad
1094 635 1188 701 quam
1216 635 1314 702 agen·

210 718 284 786 dam
305 717 366 785 buc
386 718 470 802 veni,
493 719 639 786 continno
661 719 754 803 enim,
776 725 809 785 ut
830 720 994 804 prologum
1013 725 1064 786 est
1084 724 1244 795 executus,
1266 718 1314 785 iu·

209 821 374 907 gradiente
390 824 491 889 altero
507 830 615 889 actore
632 843 748 906 magno
764 842 818 889 ore
833 820 963 889 orditur:
986 822 1205 907 „Quamquam
1221 809 1314 893 cet“‘

212 925 303 1005 Quae
324 925 374 993 bis
396 926 475 993 locis
497 926 659 993 bentleius
681 927 782 1011 docet,
804 925 958 992 Daiatuko
981 925 1101 992 eteius
1122 926 1223 1012 ipsius
1244 945 1314 992 ver·

209 1029 259 1095 bis
280 1035 313 1096 et
333 1029 405 1122 aliis
426 1029 599 1096 rationibus
620 1031 763 1118 refellere
785 1036 924 1100 conatur.
967 1028 1129 1096 Bentleius
1151 1029 1235 1095 enim
1249 1027 1313 1097 alio

209 1133 280 1198 loeo
295 1131 442 1218 explicat,
464 1132 548 1217 quod
570 1133 664 1200 facile
687 1132 867 1217 credideris,
890 1153 960 1199 eum
982 1132 1035 1217 qui
1057 1132 1229 1218 prologum
1242 1152 1314 1217 pro-

210 1235 401 1304 nuntiaverit
423 1237 529 1326 statim
552 1255 569 1302 e
591 1255 708 1302 scaena
729 1242 804 1303 ante
818 1236 922 1322 ipsam
934 1233 1061 1302 fabulae
1079 1235 1235 1302 actionem
1250 1234 1316 1302 dis·

212 1337 339 1405 cedere:
362 1345 527 1424 praeterea
549 1338 703 1407 Duiatzko
719 1339 886 1424 existimat,
910 1339 1025 1423 conligi
1046 1358 1204 1423 posse-ex
1223 1337 1315 1405 initio

210 1441 334 1526 prologi
354 1441 459 1526 Haut,
482 1448 679 1528 spectatores
695 1449 881 1528 exspectare
894 1441 1072 1508 Ambivium
1091 1441 1315 1528 procedentem

211 1545 405 1612 elocuturum
425 1546 598 1632 prologum,
620 1545 704 1631 quod
725 1545 794 1612 fieri
814 1566 878 1613 non
899 1546 1048 1632 potuerit,
1075 1544 1137 1612 nisi
1163 1544 1315 1631 prologus

211 1648 365 1732 singulari
385 1648 501 1716 vestitu
522 1649 649 1716 indutus
671 1649 771 1719 luerit.
814 1649 982 1735 Prolognm
1003 1656 1109 1716 autem
1130 1668 1205 1716 vere
1222 1667 1315 1714 usum

212 1771 284 1819 esse
307 1751 460 1836 singulari
480 1753 596 1818 vestitu
617 1772 711 1819 versu
733 1755 762 1822 9.
785 1752 908 1839 prologi
929 1753 1007 1823 Hec.
1029 1751 1120 1821 effici.
1165 1749 1229 1817 Sed
1250 1750 1313 1836 pri·

212 1874 296 1921 mum
317 1855 444 1939 quidem
466 1853 647 1922 Ambivium
668 1865 777 1923 contra
797 1876 917 1924 morem
938 1862 1112 1923 ceterorum
1137 1855 1190 1938 qui
1211 1853 1314 1938 prolo-

212 1977 287 2042 gum
308 1958 558 2042 pronunciabant
577 1961 609 2026 in
632 1980 749 2026 scaeua
769 1960 962 2027 remansisse
982 1960 1053 2044 ipse
1078 1957 1240 2025 Bentleius
1266 1957 1313 2023 in·

213 2061 342 2131 tellexit
397 2061 477 2128 Tum
509 2063 593 2146 quod
636 2071 841 2149 spectatores,
875 2063 928 2148 qui
958 2063 1123 2148 prologum
1155 2060 1313 2146 quendam

212 2171 286 2232 ante
301 2164 486 2251 principium
504 2167 637 2235 actionis
654 2167 847 2253 pronuntiari
862 2187 926 2233 non
944 2161 1141 2251 ignorabant,
1157 2163 1314 2231 senserint

213 2287 249 2335 se
270 2269 309 2334 ab
332 2268 402 2354 ipso
424 2269 568 2336 Ambivio
590 2270 623 2335 in
646 2289 795 2355 scaenam·
816 2269 1037 2354 progrediente
1057 2267 1218 2335 audituros
1241 2285 1314 2334 esse

212 2372 386 2457 prologum,
408 2391 471 2439 non
492 2371 637 2442 admiror.
681 2372 825 2457 Denique
847 2379 902 2438 aut
924 2393 963 2439 ex
985 2372 1128 2439 versibus
1145 2373 1227 2439 1--2
1244 2391 1315 2457 pro

211 2474 277 2558 logi
297 2473 392 2544 Haut.
414 2481 469 2541 aut
491 2494 530 2540 ex
551 2495 645 2542 versu
666 2479 696 2546 9.
720 2476 797 2545 Hec.
820 2475 936 2560 conligi
958 2496 1054 2562 posse
1074 2476 1221 2543 vestitum
1250 2475 1315 2542 sin-

211 2577 353 2662 gularem
374 2579 505 2664 prologo
525 2578 680 2645 interdum
701 2598 865 2665 semperve
879 2578 987 2655 luisse,
1001 2578 1189 2646 Dziatukoni
1202 2578 1316 2646 adsen-

212 2681 271 2748 tire
292 2702 356 2747 non
377 2702 516 2767 possum.
538 2681 589 2762 (ci.
605 2682 654 2752 W.
670 2682 778 2748 Habu:
801 2681 842 2748 de
856 2682 1011 2750 scaenicis
1026 2681 1180 2748 Plautinis
1201 2703 1234 2768 p.
1251 2682 1316 2769 19.)
1337 2735 1340 2742 .

102 2837 107 2846 ,
213 2782 277 2850 Sed
300 2805 361 2868 qno
383 2786 475 2853 modo
497 2805 607 2853 versus
629 2789 736 2854 4-10
750 2786 928 2872 accipiendi
944 2786 1016 2868 sint,
1038 2785 1101 2850 iam
1115 2785 1206 2851 nobis
1221 2804 1315 2868 quae·

213 2887 345 2956 rendum
368 2895 426 2958 est.
470 2891 544 2974 lpse
567 2890 720 2956 Daiatzko
742 2890 778 2972 (l.
806 2887 850 2966 el
872 2909 931 2955 nos
953 2889 1046 2956 docet
1066 2888 1248 2955 Terentium
1269 2887 1316 2954 uti

213 2991 308 3058 simili
329 3012 447 3077 genere
475 2993 609 3060 docendi
636 2992 668 3057 in
695 2993 826 3078 prologo
853 2991 978 3062 Pborrn.
1011 3011 1061 3060 vv.
1095 2993 1231 3074 24—30,
1263 2992 1316 3057 ubi

212 3095 309 3161 verba
330 3093 417 3179 ‚quid
439 3094 543 3163 velim‘
565 3094 606 3161 ad
628 3115 737 3162 versus
767 3097 810 3162 30
829 3114 871 3164 ss.
900 3093 1026 3161 demum
1046 3093 1211 3161 referenda
1232 3101 1315 3164 sunt

214 3197 267 3286 (cf.
291 3198 384 3265 etiam
405 3198 484 3268 Hec.
507 3201 557 3268 28.
581 3218 675 3281 ,nnnc
696 3197 772 3282 quid
792 3197 911 3282 petam‘
933 3203 964 3262 et
991 3217 1040 3265 vv.
1068 3198 1110 3264 45
1138 3217 1179 3264 ss.
1204 3196 1316 3279 quibus

138 3289 140 3294 ¹
212 3302 367 3386 versibus,
389 3301 464 3386 quid
478 3310 575 3388 petat,
597 3301 759 3368 Ambivius
775 3299 935 3386 explieat).
967 3301 1148 3366 Terentium
1162 3299 1257 3386 igitur
1277 3319 1317 3366 ea

214 3404 440 3471 consuetudine
465 3405 519 3494 uti,
546 3414 581 3472 nt
610 3405 768 3491 prooemio
796 3402 932 3489 quodam
959 3404 1051 3488 quasi
1081 3404 1257 3490 praemisso
1283 3402 1317 3469 id

214 3509 327 3594 ipsum,
350 3508 434 3593 qnod
455 3507 561 3575 dicere
583 3508 668 3590 velit,
690 3509 863 3592 eloquatur,
891 3508 986 3574 facile
1007 3506 1198 3590 intelligitur.
1225 3505 1318 3572 Hanc

216 3611 474 3678 consuetudinem
496 3612 591 3677 etiam
613 3610 654 3677 ad
676 3618 801 3677 nostros
825 3629 935 3677 versus
957 3608 1153 3677 referendam
1180 3627 1253 3676 esse
1279 3627 1317 3676 eo

214 3715 329 3782 clarius
351 3714 548 3800 perspicitur,
570 3715 654 3799 quod
668 3713 834 3780 Terentius
850 3713 928 3795 eius,
950 3711 1035 3797 quod
1050 3711 1191 3778 versibus
1209 3715 1224 3777 l
1242 3717 1274 3777 et
1287 3713 1318 3781 2.

214 3818 415 3902 significavit,
437 3837 532 3885 versu
556 3820 604 3889 10.
635 3817 816 3883 memoriam
848 3821 984 3885 revocat
1017 3854 1058 3866 -
1091 3813 1163 3881 Jam
1186 3833 1260 3880 vero
1286 3813 1320 3880 iu

213 3922 357 3988 versibus
378 3923 462 3987 4-7
478 3920 560 3987 vires
574 3940 663 3986 meas
679 3938 867 4002 exercerem,
890 3918 952 3985 nisi
966 3916 1105 3984 viderem
1120 3915 1321 4001 Lessingium

213 4026 247 4096 in
274 4025 488 4110 dramaturgia
506 4023 740 4109 Hamburgensi
761 4023 824 4090 iam
845 4021 966 4108 pridem
988 4028 1080 4090 acute
1102 4028 1134 4088 et
1155 4019 1321 4106 ingeniose
