2896 4460
582 709 814 822 VITA.

229 1036 331 1103 Natus
359 1053 429 1101 sum
456 1031 547 1098 Otto
567 1029 735 1097 Amdohr
764 1028 919 1096 Ohluviae
947 1027 1097 1114 oppidulo
1121 1031 1256 1098 Silesiae

143 1137 194 1203 111
215 1136 267 1203 die
289 1142 364 1202 aute
385 1134 452 1203 Oal.
474 1132 575 1217 April.
596 1152 626 1196 a
641 1131 672 1200 h.
689 1151 714 1201 s.
737 1129 840 1196 XLIV
861 1136 953 1215 patre
973 1129 1134 1198 ludovico
1156 1139 1256 1199 matre

145 1235 353 1323 Sigismunde
372 1256 389 1298 e
410 1241 507 1321 gente
528 1233 667 1316 Schultz,
689 1252 769 1317 quos
790 1232 895 1298 adhuc
916 1232 1024 1298 vivere
1044 1234 1169 1318 gaudeo
1191 1255 1257 1302 ms·

143 1339 239 1410 xime.
282 1337 374 1404 Fidei
409 1335 556 1403 addictus
584 1355 653 1402 sum
685 1333 899 1418 evangelicae.
947 1334 1061 1402 Primis
1097 1336 1257 1403 literarum

144 1438 332 1507 rudimentis
359 1438 496 1504 imbutus
525 1456 596 1503 cum
623 1434 833 1502 vratislaviae
860 1433 892 1500 in
919 1437 1086 1519 gymnasio
1109 1438 1155 1504 st.
1178 1437 1256 1509 Mar.

144 1541 294 1626 Magdal,
317 1539 402 1624 quod
422 1546 497 1608 tuuc
517 1558 538 1604 a
561 1536 796 1605 Schoenbomio
824 1537 1071 1622 gubernabatur,
1093 1538 1257 1606 interiores

145 1644 273 1710 scholas
294 1641 514 1723 absolvissem,
535 1639 705 1705 Mindenae
727 1637 844 1723 oppido
866 1637 1094 1707 Gue'stfalieusi
1113 1641 1147 1706 iu
1168 1661 1258 1726 gym-

144 1746 235 1812 nasio
250 1765 280 1814 a.
296 1742 326 1812 h.
340 1763 366 1812 s.
381 1741 484 1808 LXIV
498 1741 713 1808 testimonium
728 1739 917 1806 maturitatis
933 1739 1049 1808 Ottone
1063 1741 1256 1828 Gundtnem,

144 1847 212 1914 viro
234 1846 458 1928 illustrissimo,
480 1845 635 1911 directore
657 1843 793 1927 adeptus
817 1860 895 1909 sum.
933 1842 1084 1909 Mindeua
1107 1844 1257 1911 Vratisls-

143 1949 230 2016 viem
250 1968 395 2015 reversus
417 1946 616 2032 potissimum
637 1944 806 2030 disciplina
819 1943 946 2010 Martini
960 1942 1068 2010 Hertzi
1083 1965 1140 2030 per
1160 1965 1257 2012 unum

145 2053 300 2118 semestre
320 2068 398 2116 usus
420 2068 499 2116 sum.
542 2046 737 2113 Vratislavia
763 2046 874 2112 relicte
895 2046 1075 2113 Beroliuum
1101 2067 1153 2114 me
1183 2070 1255 2116 oon·

145 2153 203 2220 tuli
239 2158 271 2219 et
305 2171 364 2237 per
391 2151 453 2217 tris
474 2149 640 2216 semestris
672 2148 772 2214 literis
794 2147 995 2233 philologieis
1018 2155 1050 2214 et
1063 2148 1257 2236 philosophi·

145 2255 192 2322 cis
214 2253 375 2338 magistris
396 2251 626 2338 professoribus
645 2241 824 2324 Boeckhio,‘
838 2249 993 2334 Hauptio,
1013 2251 1257 2338 Muellenhoffio,

145 2354 351 2438 Kirchhoffio,
372 2354 550 2436 Huebnero,
571 2349 872 2436 lhendelenburgio,
894 2351 966 2417 aliis
987 2370 1116 2436 operam
1131 2353 1256 2425 dabam.

146 2455 272 2523 Deinde
293 2454 574 2541 Gryphisraldiam
600 2453 759 2539 proiectus
786 2472 845 2538 per
871 2453 934 2519 tria
963 2455 1129 2521 semestris
1149 2456 1257 2523 lectio

145 2559 239 2626 nibus
261 2557 483 2639 Schoemauni‚
505 2556 700 2638 Buecheleri‚
720 2554 857 2631 Hoeieri‚
880 2554 1069 2640 Susemihli,
1085 2557 1204 2642 Georgi
1225 2565 1258 2626 et

150 2660 427 2728 exercitationibus
449 2658 601 2725 seminari
626 2658 810 2744 philologici
838 2664 871 2724 et
890 2657 1102 2744 philosophici
1120 2659 1256 2734 intertui

147 2764 240 2830 Auno
267 2763 298 2832 h.
322 2781 349 2831 s.
370 2760 506 2826 LXVIII
531 2767 643 2845 quarto
670 2766 745 2826 ante
773 2761 853 2830 Non,
880 2761 958 2830 Deo.
989 2761 1259 2847 Gryphisvaldise

147 2883 282 2932 examen
303 2883 360 2949 pro
382 2861 534 2929 facultate
560 2862 697 2930 docendi
717 2862 841 2936 absolvi
867 2867 900 2928 et
921 2861 1071 2930 Calendis
1093 2865 1254 2936 Januariis

145 2986 231 3033 anno
252 2967 283 3038 h.
305 2984 330 3034 s.
353 2964 458 3030 LXXI
479 2964 635 3050 magister
656 2964 800 3050 publicus
822 2962 999 3031 ordinarius
1026 2965 1060 3031 in
1087 2969 1256 3054 gymnasio

146 3066 363 3134 Fridericiano
386 3065 641 3133 Francofurtensi
662 3065 849 3132 constitutus
878 3085 957 3134 sum.
1000 3067 1091 3134 Bello
1121 3070 1255 3137 novissi·

145 3190 197 3238 mo
219 3175 329 3236 contra
349 3168 578 3252 Francogallos
600 3173 701 3252 gesto,
723 3173 759 3233 ut
778 3167 839 3234 hoe
854 3168 949 3234 etiam
972 3167 1098 3253 addam,
1126 3190 1256 3238 munere

145 3271 298 3357 praefecti
319 3268 540 3348 subsidiorum,
561 3269 616 3354 qui
637 3269 760 3345 dicitur,
782 3267 907 3336 iunctm
930 3271 1143 3357 compluribus
1165 3291 1254 3359 proe-

143 3373 195 3440 liis
218 3372 375 3458 superatis
397 3391 507 3438 mense
529 3370 657 3438 Octobri
678 3391 708 3440 a.
736 3371 767 3440 h.
796 3391 822 3441 s.
849 3371 938 3437 LXX
965 3372 1161 3457 benignitate
1193 3374 1256 3440 Im·

142 3473 299 3560 potatoris
326 3472 544 3558 augustissimi
580 3471 683 3540 ordini
724 3472 864 3556 equitum
903 3473 1004 3542 crucis
1046 3474 1169 3542 ferreae
1199 3473 1254 3542 ad·

142 3575 279 3661 scriptus
301 3593 381 3645 sum.

598 3793 797 3808 Ἥ
