2896 4460
645 369 852 444 «21.-

193 551 349 615 nusquam
371 531 502 598 ‘dictum
540 540 597 604 cst.
647 536 681 604 Si
713 556 788 604 vero
826 537 941 605 desunt
978 545 1042 607 tres
1078 538 1302 610 antecedentes

194 648 320 719 versus,
356 656 420 702 non
456 636 584 703 dubium
619 644 683 722 cst,
721 639 788 724 qui
816 659 927 707 versus
968 642 1008 708 51
1052 661 1079 709 s.
1125 643 1303 729 aecipiendi

195 735 272 803 sint:
303 738 473 803 eratenim
494 739 667 825 Ambivius,
688 747 723 807 ut
750 743 886 828 populus
905 743 1013 810 faveat
1032 743 1194 828 Terentio,
1215 746 1303 830 quip-

193 859 235 926 pe
256 840 311 924 qui
331 839 437 906 mitius
459 841 634 913 fabularum
655 863 758 927 genus
785 845 910 911 excolat
938 864 1033 929 quam
1064 846 1160 912 ceteri
1180 854 1303 931 poetae,

194 940 248 1025 qui
263 942 323 1008 sibi
338 942 416 1027 ipsis
430 943 612 1027 morigerari
633 965 727 1028 quam
749 946 871 1013 animos
894 945 935 1025 ad
958 947 1149 1030 elegantiam
1168 949 1304 1015 formare

193 1043 314 1114 malint.

280 1172 369 1251 Quae
392 1172 526 1239 sirecte
554 1173 715 1259 disputata
743 1181 831 1257 sunt,
859 1160 993 1259 apparet
1017 1193 1128 1242 versus
1161 1176 1233 1242 illos
1260 1175 1303 1241 ad

198 1277 330 1341 alterum
352 1276 518 1359 prologum
538 1275 686 1360 Hecyrae
707 1275 889 1343 referendos
911 1295 983 1342 esse
1005 1282 1092 1343 etex
1119 1277 1303 1363 interpreta-

195 1377 281 1442 tione
303 1379 336 1442 in
357 1378 523 1462 prologum
544 1379 639 1446 Haut.
666 1379 843 1464 irrepsisse.
887 1378 1014 1445 Nullum
1036 1385 1155 1462 autem,
1182 1385 1218 1444 ut
1238 1379 1303 1446 Rit-

196 1478 297 1546 scheli
316 1480 416 1548 verba
437 1499 509 1545 mea
530 1479 655 1563 faciam,
676 1480 871 1564 frequentius
892 1486 942 1546 cst
960 1479 994 1544 in
1015 1479 1163 1546 Terentio
1177 1500 1302 1565 eorrup-

194 1580 278 1646 telae
299 1599 402 1664 genus
424 1601 519 1663 qnam
541 1581 626 1664 quod
648 1602 687 1647 ex
708 1581 967 1666 interpretatione
988 1588 1147 1651 nascatur.
1197 1644 1199 1652 .

278 1708 391 1772 Restat
412 1706 548 1791 denique
568 1714 604 1773 ut
625 1707 792 1774 lectionem
812 1707 907 1792 ,aliis‘
928 1707 962 1772 in
982 1727 1077 1774 versu
1096 1709 1139 1775 48
1155 1714 1186 1773 et
1206 1709 1303 1774 omni·

194 1808 253 1874 bus
273 1807 339 1874 iere
362 1809 522 1876 codicibus
544 1815 707 1876 exaratam
730 1817 762 1875 et
782 1829 803 1874 a
823 1809 1004 1875 novissimis
1025 1809 1154 1875 Terenti
1180 1808 1304 1876 editori·

200 1912 258 1977 bus
281 1913 456 1996 probatam,
480 1911 681 1977 nullomodo
708 1911 835 1977 tolerari
861 1929 958 1996 posse
975 1910 1114 1996 probem,
1136 1929 1206 1975 eum
1227 1910 1303 1975 alio-

195 2033 263 2078 rum
285 2018 451 2098 poctarum
473 2012 663 2078 mentionem
684 2012 752 2078 fieri
775 2020 807 2078 et
828 2000 1047 2078 consuetudini
1061 2010 1190 2076 Terenti
1211 2017 1304 2076 etra-

198 2113 275 2179 tioni
296 2119 468 2197 repugnet:
491 2120 612 2179 tantum
634 2114 717 2179 enim
739 2114 842 2195 abest,
864 2119 898 2178 ut
919 2111 1090 2180 verisimile
1111 2112 1153 2178 sit
1181 2119 1302 2179 ceteros

196 2222 308 2299 poetas
324 2235 344 2279 a
360 2213 525 2280 scribendo
540 2216 668 2300 Hecyra
680 2223 795 2282 exacta
810 2214 960 2281 deterreri
974 2214 1125 2298 potuisse,
1140 2219 1175 2279 ut
1186 2219 1304 2298 eontra,

199 2315 227 2380 si
249 2314 430 2381 Terentium
453 2319 696 2401 oppressissent,
719 2317 809 2383 multi
830 2323 945 2400 poetae
972 2317 1112 2400 palmam
1138 2314 1303 2399 accepisse

197 2418 258 2482 sibi
284 2417 346 2483 visi
367 2424 485 2484 essent.
527 2419 701 2503 Aptissime
722 2425 830 2511 autem
850 2419 1014 2484 Ambivius
1034 2416 1105 2500 ipso
1127 2416 1213 2480 exitu
1234 2435 1303 2499 pro-

196 2521 262 2604 logi
277 2528 357 2587 ,orat
377 2527 590 2606 spectatores,
615 2529 651 2587 ut
672 2528 704 2587 et
724 2527 838 2605 poetae
861 2527 893 2586 et
914 2519 974 2586 sibi
999 2518 1051 2584 vel
1084 2517 1118 2582 in
1143 2524 1302 2600 posterum

195 2623 332 2689 faveant.

280 2749 353 2814 Jam
375 2748 464 2813 iuvat
485 2747 525 2814 de
546 2747 668 2814 ratione
691 2753 723 2813 et
744 2747 887 2826 personis
915 2745 1174 2813 Terentianomm
1200 2745 1303 2830 prolo-

195 2870 313 2935 gomm,
331 2851 370 2915 de
382 2849 530 2916 Ambivio
553 2855 670 2932 actore,
692 2849 746 2931 qui
759 2848 891 2914 alterum
902 2848 1068 2933 prologum
1079 2845 1226 2930 Hecyrae
1242 2847 1305 2913 clo·

197 2959 286 3018 cutus
309 2958 366 3035 est,
389 2951 429 3016 de
451 2957 591 3036 tempore
613 2971 674 3034 quo
696 2950 824 3034 Hecyra
846 2956 919 3015 acta
941 2949 983 3015 sit
998 2948 1101 3030 deque
1115 2947 1188 3013 aliis
1207 2947 1303 3013 rebus

196 3054 257 3121 huo
279 3053 496 3138 spectantibus
520 3053 606 3119 brevi
627 3052 799 3135 disputare.
1324 3045 1331 3066 ⁸

281 3179 450 3264 Prologum
477 3179 563 3264 apud
590 3178 731 3244 Graecos
759 3176 915 3242 nominari
941 3196 1011 3242 eam
1043 3175 1144 3261 ipsius
1176 3163 1304 3241 fabulae

198 3288 331 3366 partem,
353 3300 445 3365 quae,
476 3279 550 3346 dum
578 3280 691 3346 chorus
720 3278 754 3344 in
783 3297 933 3344 scaenam
959 3276 1114 3361 prodibat,
1139 3278 1302 3360 agebatur,

199 3403 291 3447 nemo
313 3382 428 3468 neseit;
449 3367 540 3447 latiiii
561 3388 677 3465 poetae
697 3401 773 3447 vero
794 3400 855 3464 quo
879 3379 1011 3446 consilio
1039 3380 1220 3462 prologum,
1249 3378 1303 3461 qui

200 3489 275 3549 ante
297 3483 419 3548 initium
441 3482 542 3568 ipsius
562 3482 690 3550 fabulae
711 3501 853 3548 seorsum
873 3480 1148 3566 pronunciabatur,
1170 3477 1304 3561 scripse·

199 3584 270 3668 rint,
293 3585 332 3650 ab
354 3585 425 3668 ipso
447 3584 595 3651 Terentio
618 3583 778 3665 discimus,
800 3583 854 3667 qui
875 3581 972 3651 Andr.
995 3581 1074 3665 prol.
1096 3583 1125 3646 6.
1148 3577 1202 3664 (cf.
1225 3577 1297 3647 adn.

201 3683 331 3770 Donat.)
358 3685 482 3769 prologi
509 3703 583 3751 esse
608 3684 654 3750 ait
682 3691 901 3768 argumentum
927 3701 1066 3748 narrare.
1110 3680 1172 3748 Gur
1198 3685 1304 3745 autem

200 3785 367 3850 Terentius
395 3793 503 3868 partes
531 3786 698 3870 legitumas
724 3784 848 3871 prologi
877 3783 921 3849 ad
947 3775 1121 3868 oporam&
1153 3774 1304 3866 πρόσωπα

202 3907 283 3970 quae
305 3886 450 3951 dicuntur
470 3887 617 3952 detulerit
638 3894 670 3952 et
690 3887 761 3971 ipso
782 3886 915 3969 prologo
936 3881 1128 3968 respondere
1155 3882 1304 3946 maledic

201 3987 242 4054 tis
264 3987 515 4055 adversariorum
530 3987 684 4072 maluerit,
705 3987 780 4053 inde
794 3984 917 4054 videtur
934 3982 1104 4074 petendum
1120 4002 1202 4067 csse,
1220 3981 1305 4068 quod
