2896 4460
591 269 801 337 ...15-

139 439 405 508 substantivorum
420 438 591 505 verbalium
606 439 639 506 in
652 438 712 524 ,us‘
726 438 946 520 desinentium,
962 457 1043 524 quae
1059 438 1170 506 eodem
1185 437 1249 507 sui·
1360 485 1366 502 .

135 545 200 612 fixo
223 542 309 629 quod
329 542 515 624 nominatur,
537 561 597 622 quo
619 541 733 627 supina
754 561 836 626 quae
850 541 995 608 dicuntur
1009 541 1143 609 formata
1166 549 1248 627 sunt,

134 668 199 714 nec
228 647 329 712 activa
350 665 411 712 nee
433 645 564 730 passiva
586 652 636 711 est
656 643 709 730 (ci.
734 644 942 728 Schoemann,
969 645 1120 711 redeteile
1148 665 1179 730 p.
1206 647 1249 712 54

143 758 176 817 et
194 751 246 819 55.
267 749 336 818 init.
359 755 392 815 et
412 748 521 814 Haase
542 748 563 816 l.
586 768 613 817 c.
635 746 709 816 adu.
732 749 806 818 598.
828 747 919 833 init),
942 748 1000 814 sed
1014 748 1094 814 haec
1108 748 1250 815 verbalia

140 853 220 940 nihil
242 851 330 918 aliud
353 850 530 936 exprimunt
550 849 613 916 nisi
636 850 736 916 sclam
758 851 933 932 actionem,
960 870 1042 937 quae
1069 852 1165 918 verbo
1194 851 1252 917 ali-

141 975 206 1039 quo
229 953 430 1038 significatur.
474 952 546 1032 Qua
568 972 609 1018 ex
630 952 798 1038 principali
818 975 912 1038 quam
934 954 1000 1021 dixi
1026 955 1251 1022 vocabulorum

140 1063 300 1143 potestate
314 1054 493 1141 singulares
509 1055 667 1141 quaedam
678 1056 872 1141 effluxerunt,
895 1077 986 1142 quae,
1002 1056 1086 1142 quod
1103 1057 1145 1124 ad
1158 1078 1252 1124 usum

141 1161 264 1243 attinet,
279 1167 427 1227 accurate
442 1158 671 1227 discernendae
687 1166 768 1230 sunt.
791 1161 879 1227 Haec
899 1161 1041 1227 verbalia
1059 1167 1115 1227 ant
1126 1160 1191 1228 vim
1204 1161 1251 1247 ip·

143 1264 209 1332 sius
226 1263 316 1330 verbi
336 1263 470 1330 aetionis
486 1263 609 1330 activae
620 1264 673 1330 vcl
690 1263 849 1350 passivae,
871 1269 906 1331 ut
920 1265 965 1330 ita
987 1263 1103 1347 dicam,
1124 1264 1252 1349 babent,

140 1369 189 1434 ita
210 1373 247 1433 ut
267 1367 309 1432 ad
327 1365 587 1450 significationem
601 1367 746 1434 infinitivi
760 1367 938 1453 praesentis
956 1367 1049 1438 activi
1066 1368 1117 1433 vel
1130 1366 1253 1453 passivi

146 1489 245 1556 prope
266 1469 428 1552 accedant,
442 1475 506 1536 'aut
527 1469 612 1554 quod
625 1470 750 1536 actione
771 1471 859 1536 verbi
875 1471 1020 1538 effectum
1043 1477 1102 1555 cst,
1126 1475 1250 1539 sonant.

181 1620 184 1630 .
230 1571 332 1651 Quam
353 1573 499 1658 angustis
521 1573 673 1640 cancellis
703 1593 776 1640 usus
805 1573 936 1640 ablativi
961 1573 1031 1640 sinc
1058 1573 1253 1660 pronominis

8 1665 12 1672 ’
143 1675 195 1743 vel
221 1675 371 1742 adiectivi
396 1674 613 1743 additamento
640 1677 941 1743 circumscribendos
969 1677 1024 1762 sit,
1052 1677 1134 1744 inter
1166 1676 1251 1743 viros

145 1777 255 1845 doctos
278 1783 413 1862 constat,
433 1778 491 1844 sed
504 1799 568 1846 nou
582 1779 686 1846 minus
703 1785 821 1845 certum
832 1786 882 1845 est
895 1780 1066 1847 ablativum
1081 1779 1254 1847 verbalium

143 1881 178 1947 in
191 1881 253 1966 ,ue‘
272 1880 485 1948 desinentium
499 1883 695 1950 liberioribus
710 1884 833 1968 legibus
849 1883 1033 1950 adstrictum
1048 1903 1132 1954 esse.
1168 1883 1253 1949 Haa-

146 1985 213 2052 sius
234 1991 352 2070 autem,
375 1985 429 2069 qui
450 1985 566 2072 optime
588 1985 628 2053 de
649 1986 710 2054 hoc
731 2006 792 2052 usu
812 1984 846 2073 (l.
870 2006 888 2053 c
920 1985 994 2057 adn.
1015 1988 1088 2057 569.
1111 1985 1150 2056 oi.
1165 1985 1255 2072 598.)

147 2089 306 2174 disseruit,
323 2088 420 2155 'docet
441 2089 613 2156 ablativum
633 2089 721 2155 illum
743 2109 806 2156 non
833 2088 976 2156 adhiberi
1003 2089 1065 2156 nisi
1091 2089 1134 2156 ad
1160 2089 1254 2156 ratio·
1291 2111 1293 2118 ¹

146 2212 220 2258 nem
241 2192 393 2278 temporis
422 2199 454 2259 et
478 2213 614 2260 caussae
636 2192 888 2279 exprimendam:
911 2191 944 2259 id
970 2192 1054 2277 quod
1075 2192 1254 2260 accuratius
1354 2267 1359 2279 ¹

65 2333 68 2338 Α
151 2295 199 2361 sic
220 2293 431 2362 deliniendum
451 2304 509 2380 est,
541 2296 718 2362 liberiorem
744 2315 835 2362 usum
861 2293 991 2362 ablativi
1017 2315 1081 2362 non
1108 2301 1255 2382 spectare

148 2395 211 2463 nisi
232 2395 323 2464 adid
343 2418 446 2483 genus
468 2398 650 2475 verbalium,
673 2418 755 2483 quae
777 2399 933 2466 actionem
954 2399 1051 2475 verbi,
1080 2419 1144 2466 non
1172 2417 1255 2483 qnae

146 2500 293 2567 effectum
320 2501 454 2568 actionis
488 2501 674 2588 exprimunt.
725 2503 891 2569 Ablativus
924 2502 1020 2587 igitur
1053 2508 1186 2584 ,ornatu‘
1219 2501 1254 2567 in

143 2607 254 2671 nostro
275 2622 378 2688 versu,
401 2624 471 2671 oum
492 2605 553 2672 hoc
573 2607 700 2672 verbale
727 2599 761 2672 in
790 2625 919 2672 numero
948 2625 1054 2672 corum
1082 2605 1137 2688 sit,
1172 2623 1254 2689 quac

144 2707 293 2774 effectum
313 2707 447 2774 actionis
469 2708 658 2794 significant,
681 2709 723 2775 ad
745 2709 833 2776 illum
855 2709 1027 2776 ablativum
1042 2727 1134 2795 quem
1157 2708 1255 2794 signi·

143 2811 238 2880 ficavi
264 2810 447 2878 referendus
475 2831 539 2877 non
566 2818 625 2895 est,
658 2811 716 2880 sed
743 2811 785 2877 ad
812 2831 893 2895 eum,
920 2810 974 2897 qui
998 2811 1106 2897 ,modi‘
1131 2811 1255 2898 dicitur,

21 2929 24 2934 ·
148 2931 220 2996 ,quo
236 2912 452 2981 describuntur
465 2934 518 2982 res
533 2935 615 3000 quae
630 2921 747 2982 statum
762 2915 854 3000 quasi
865 2914 1063 2982 comitantur‘
1073 2913 1126 3002 (cf.
1138 2915 1253 2984 Holtae

145 3015 166 3086 l.
190 3035 217 3087 r.
238 3018 263 3100 1,
289 3015 371 3102 176)
415 3017 511 3084 (iuius
532 3037 609 3085 usus
632 3019 811 3104 exemplum
833 3016 901 3085 sine
915 3017 1109 3104 pronominis
1131 3018 1183 3085 vel
1198 3017 1253 3085 ad·

145 3117 251 3186 iectivi
279 3117 495 3196 additamento
519 3126 645 3206 praeter
671 3120 732 3187 hoc
757 3127 890 3204 ,omatu‘
918 3139 978 3207 ego
1005 3121 1132 3207 quidem
1168 3120 1254 3208 apud

148 3221 315 3308 scriptores
339 3224 456 3292 latinos
473 3249 512 3272 *-
536 3224 723 3310 exemplum,
745 3224 830 3309 qnod
849 3221 1010 3310 Reisigius
1031 3246 1064 3310 p.
1087 3225 1159 3292 714.
1180 3226 1203 3296 l.
1226 3246 1252 3296 o.

143 3332 271 3411 praeter
292 3332 434 3395 nostrum
456 3348 496 3395 ex
511 3327 617 3396 Curtio
639 3327 749 3413 adicrt,
772 3328 834 3397 hoc
853 3348 918 3395 non
939 3327 1107 3414 pertinere,
1132 3329 1254 3415 perepi-

144 3449 241 3496 cuum
260 3435 311 3498 est
333 3467 372 3478 -
395 3449 458 3499 non
481 3432 589 3500 inveni
610 3451 714 3517 neque
740 3433 834 3499 abest
858 3452 879 3498 a
905 3451 956 3498 me
990 3430 1144 3518 suspicio,
1177 3431 1261 3517 quin⁴

150 3531 210 3598 sub
233 3531 295 3600 hac
316 3533 471 3618 singulari
491 3533 621 3603 licentia
642 3535 820 3620 comuptela
841 3533 998 3618 quaedam
1018 3535 1128 3601 lateat

231 3635 503 3705 Praeterformam
515 3638 651 3725 ,partim‘
670 3675 711 3688 -·
732 3636 815 3706 utin
828 3656 922 3705 versu
945 3638 1049 3709 15.-
1064 3635 1159 3704 etiam
1172 3655 1253 3723 ,par-

145 3726 221 3806 tom‘
242 3739 316 3824 (Ad.
329 3745 379 3812 23.
403 3740 443 3812 of.
465 3742 640 3809 Buecheler
659 3741 681 3812 l.
705 3761 732 3808 c.
754 3740 821 3827 22.)
842 3740 1016 3807 adverbiali
1036 3759 1133 3808 sensu
1154 3760 1175 3805 a
1193 3739 1253 3808 'lo-

145 3843 247 3911 rentio
268 3844 409 3930 ponitur:
433 3845 576 3912 similiter
596 3852 693 3930 atque
712 3844 747 3910 in
767 3849 875 3911 nostro
895 3863 990 3910 versu
1016 3835 1149 3930 ‚partim‘
1182 3864 1254 3911 cum

146 3946 295 4034 genetivo
318 3948 518 4015 coniunctum
539 3954 589 4015 est
609 3969 629 4014 a
649 3947 802 4015 Cicerone
824 3937 1253 4034 (oe'divin.11,on.§.1ua.
