2896 4460
297 1551 393 1686 Trea
408 1635 519 1684 nereus
533 1615 626 1701 primi
646 1617 769 1704 prologi
789 1619 814 1689 I.
836 1619 982 1706 Hecyrae
1001 1619 1211 1690 Terentianae
1230 1625 1315 1692 codi-

212 1722 299 1790 cibus
326 1741 385 1788 sex
405 1719 455 1806 (B,
477 1717 512 1805 (l,
534 1717 576 1804 D,
597 1720 633 1804 E,
655 1721 691 1797 F,
713 1719 754 1808 P)
775 1757 815 1772 -
838 1721 1002 1791 inoodioe
1021 1725 1171 1794 Bembino
1184 1723 1242 1813 (A)
1263 1731 1312 1795 38

212 1844 321 1892 versus
342 1822 435 1910 primi
459 1823 658 1908 prologorum
685 1824 749 1890 iam
774 1845 837 1894 non
863 1826 1010 1913 leguntur
1031 1867 1072 1878 —
1101 1829 1149 1897 sic
1167 1830 1314 1898 exhiben-

212 1935 389 2118 turham
410 2034 460 2097 eet
480 2027 554 2096 huic
574 2048 688 2097 nornen
710 2029 851 2100 tabulae:
875 2031 955 2100 haec
978 2052 1048 2101 curn
1070 2034 1176 2102 datast

251 2135 350 2220 Nora,
371 2153 487 2201 novum
508 2132 675 2201 intervenit
695 2134 804 2202 vitium
827 2144 859 2204 et
880 2135 1054 2218 calamitas,

250 2238 294 2306 Ut
314 2257 417 2322 neque
438 2237 576 2322 spectari
597 2257 699 2322 neque
722 2241 870 2324 cognosci
891 2239 1049 2326 potuerit!

209 2341 247 2407 In
267 2359 362 2408 versu
383 2341 493 2426 primo,
514 2346 550 2408 ut
570 2340 674 2409 hiatus
696 2343 865 2420 tolleretur,
887 2343 1049 2412 Bentleius
1063 2342 1189 2411 fabulae
1209 2342 1242 2409 in
1256 2343 1311 2429 ,i-

209 2444 305 2510 bula'i‘
331 2451 362 2512 et
390 2443 589 2513 insecundo
617 2446 756 2514 offensus
784 2447 980 2532 longitudine
1007 2447 1136 2515 alterius
1169 2447 1313 2532 syllabae

207 2548 340 2614 voculae
366 2554 470 2633 ,nova‘
489 2568 586 2628 ‚nova
608 2549 647 2615 ei‘
675 2550 876 2617 scribendum
913 2571 986 2619 cese
1010 2549 1152 2618 coniecit
1202 2549 1314 2616 Fleck-

208 2651 334 2718 eisenue
363 2657 467 2717 autem
495 2651 599 2718 altera
617 2652 740 2720 Bentlei
767 2655 946 2722 coniectura
972 2655 1104 2740 probata
1124 2653 1225 2739 primo
1245 2674 1313 2722 ver·

208 2754 258 2822 eui
279 2773 460 2822 suoeurrere
481 2755 599 2822 nravnlt
620 2755 786 2823 scribendo
808 2756 870 2828 sict

396 2858 551 2944 ‚Hecyrae
572 2857 664 2926 huioo
684 2879 799 2928 nomen
819 2858 946 2928 fabulae
968 2858 1027 2926 eet‘
1048 2865 1106 2929 cet

206 2960 255 3027 Ao
275 2967 360 3028 recte
382 2960 509 3044 quidem
531 2961 771 3030 aFleclreiseno
785 2963 846 3031 hoc
866 2962 1007 3050 ,fabulai‘
1021 2961 1145 3028 Bentlei
1176 2961 1313 3028 deletum

208 3083 282 3131 esse
295 3083 404 3131 omnes
418 3061 512 3130 facile
533 3065 739 3136 consentient.
767 3066 849 3133 Nam
870 3086 911 3133 ne
933 3085 1029 3133 unum
1049 3064 1175 3149 quidem
1196 3071 1314 3131 certum

209 3168 385 3253 exemplum
406 3166 506 3235 dativi
524 3167 557 3233 in
571 3174 625 3251 ‚ai‘
652 3167 828 3236 desinentis
850 3175 964 3252 exstat,
986 3167 1039 3251 (oi.
1063 3168 1160 3253 Neue,
1182 3168 1313 3234 tormen·

208 3271 296 3338 lehre
323 3291 353 3356 p.
378 3272 428 3338 15.
451 3271 637 3355 Buecheler,
662 3271 808 3342 declinat.
830 3293 861 3357 p.
884 3269 950 3356 53.)
973 3269 1097 3338 etiamsi
1117 3269 1187 3354 quie
1208 3270 1313 3336 incon·

209 3373 378 3441 sideratius
393 3373 538 3459 suscipit,
559 3380 595 3440 ut
608 3375 788 3458 genetivum
802 3377 866 3459 ,at‘‚
883 3393 976 3458 quem
989 3372 1151 3440 Bentleius
1169 3379 1314 3456 quattuor

208 3477 241 3544 in
276 3475 353 3544 locis
387 3476 501 3561 posuit,
535 3483 642 3543 contra
663 3476 870 3544 Riteehelium
900 3475 1035 3562 (proleg.
1057 3474 1099 3541 ad
1119 3475 1257 3545 Trinum.
1279 3496 1312 3560 p.

208 3579 271 3648 325
298 3576 339 3663 s.)
361 3578 503 3663 aliosque
525 3579 609 3646 viros
633 3579 831 3646 doctissimos
846 3579 899 3666 (ci.
923 3577 1098 3646 Buecheler
1119 3579 1139 3648 l
1162 3598 1188 3648 c.
1212 3600 1242 3664 p.
1260 3581 1311 3649 33.

208 3683 305 3766 Neue,
325 3682 345 3752 l.
363 3702 389 3750 o.
405 3703 437 3767 p.
460 3681 523 3759 14.)
539 3689 667 3752 tutetur.
699 3679 846 3769 ,Hecyra‘
859 3717 899 3734 -
911 3681 995 3748 hanc
1014 3680 1181 3748 lectionem
1203 3701 1313 3749 omnen

209 3783 335 3851 codices
357 3785 492 3850 offerunt
519 3784 572 3869 (cs.
595 3785 710 3852 Donat.
732 3785 871 3854 adnotat.
898 3783 1100 3868 ,nominativo
1127 3803 1204 3850 casu
1235 3784 1313 3870 ligu-

209 3885 301 3952 ravit‘
327 3885 403 3974 cet.)
425 3923 466 3937 -
488 3888 521 3954 in
541 3887 708 3974 ‚Hecyrae‘
729 3907 790 3971 quo
812 3887 879 3954 iure
899 3886 1126 3953 Fleckeisenue
1153 3906 1224 3954 eum
1249 3887 1314 3954 Rit-

211 3989 330 4058 echelio
353 3989 536 4076 mutaverit,
557 4011 622 4060 non
647 3991 818 4078 intellego:
840 3988 917 4058 mihi
945 3987 1071 4077 quidem
1096 4009 1166 4058 oum
1198 3988 1315 4072 Buxio,
