2896 4460
628 276 841 343 ..14-

179 443 319 531 perfecit,
341 460 455 512 nomen
477 445 569 530 qnasi
591 444 726 531 adeptus
749 452 806 531 est,
833 444 885 532 (cl.
919 445 1155 531 Naegelsbach,
1181 445 1286 517 stilist.

178 569 211 634 p.
235 549 295 616 148
312 545 370 635 ss.)
390 547 423 614 in
445 549 559 632 vulgus
580 554 689 616 notum
710 555 770 616 est
801 549 888 629 Quas
902 549 992 633 leges
1006 555 1133 634 poetam
1147 555 1288 617 nostrum

178 671 243 718 non
264 650 363 734 sequi,
386 649 443 718 sed
465 651 545 718 haec
566 651 765 718 substantiva
786 651 920 718 similem
934 651 966 717 in
987 651 1114 718 modum
1128 650 1288 737 adbibere,

180 760 215 820 ut
236 754 447 839 compluribus
470 755 608 822 saeculis
623 761 696 840 post
712 754 873 840 Apuleius,
894 753 1045 838 Avienus,
1074 754 1138 831 alii,
1160 755 1225 821 iam
1248 774 1289 821 ex

181 857 324 924 versibus
349 860 398 927 10.
420 859 471 926 32.
494 860 545 928 48.
568 859 767 943 prologornm
787 858 934 943 Hecyrae
961 858 1040 925 satis
1072 856 1290 943 intelligimus.
1417 844 1425 866 ⁸

183 959 351 1026 Terentius
374 960 457 1026 enim
478 960 574 1027 utitur
596 960 645 1028 his
667 961 845 1030 verbalibus
868 981 939 1027 cum
960 960 1067 1028 dormis
1082 960 1172 1028 verbi
1192 960 1288 1045 ,esse‘

184 1062 359 1130 coniunctis
380 1083 438 1148 pro
460 1063 567 1130 formis
590 1064 784 1150 simplicibus
805 1065 979 1149 verborum,
999 1070 1035 1130 ut
1049 1069 1205 1149 ,exorator
1219 1063 1290 1131 sim‘

181 1187 238 1254 pro
261 1171 419 1252 ,exorem‘,
442 1166 589 1246 ,adiutrix
610 1167 677 1234 erit‘
700 1188 756 1253 pro
777 1165 978 1253 adiuvabit,
997 1165 1123 1251 ,faunix
1151 1164 1202 1234 sit‘
1231 1185 1289 1253 pro
1421 1203 1443 1254 ,ι

181 1267 308 1356 ,faveat‘
330 1276 388 1342 cet.
432 1271 552 1337 Maiore
573 1277 679 1336 autem
708 1276 775 1337 arta
803 1276 835 1336 el
859 1269 1018 1354 elegantia
1043 1269 1124 1337 baec
1148 1269 1290 1337 verbalia

183 1396 203 1442 a
224 1375 372 1443 Terentio
394 1393 489 1459 quam
514 1373 674 1459 simplices
695 1373 860 1442 verborum
880 1372 997 1439 formas
1018 1372 1093 1458 poni
1108 1379 1141 1440 et
1158 1374 1290 1440 multum

181 1479 264 1545 inter
284 1478 368 1545 hunc
389 1498 480 1544 usum
501 1477 726 1544 Terentianum
748 1483 780 1543 et
800 1476 882 1542 inter
908 1495 999 1555 usum
1028 1477 1209 1561 posterioris
1237 1495 1290 1544 ae

183 1581 262 1648 tatis·
280 1579 384 1668 (ouius
412 1599 489 1647 usus
515 1579 656 1646 Haasius
683 1579 814 1664 [Reisig.
836 1585 920 1666 synt.
943 1578 1016 1645 adn.
1045 1574 1128 1665 ltu]
1155 1580 1287 1647 mentio

184 1704 257 1752 nem
277 1682 374 1770 lacit),
388 1684 553 1767 interesse,
575 1701 667 1750 nemo
689 1703 752 1750 nou
773 1681 868 1751 videt.
913 1680 977 1748 Sed
999 1681 1042 1748 ad
1062 1681 1289 1750 bancconsue-

184 1787 323 1855 tudinem
344 1784 543 1853 ¹referendum
557 1793 615 1871 est,
638 1785 722 1870 quod
736 1771 903 1852 Terentius
917 1784 1003 1851 haud
1017 1805 1147 1871 parvam
1166 1792 1290 1871 partem

184 1891 308 1957 illorum
322 1889 504 1974 verbalium,
525 1909 609 1973 quae
628 1889 714 1975 apud
728 1885 907 1974 Plautum*)
927 1888 1067 1955 nondum
1080 1889 1289 1974 inveniuntur,

185 1994 324 2076 adhibet,
345 2000 381 2059 ut
400 1993 543 2076 monitor,
567 1993 792 2077 comissator,
821 1992 974 2076 inventor,
1001 1990 1169 2080 perfector,
1197 1997 1290 2075 tutor,

186 2096 331 2181 adiutrix,
354 2095 566 2181 gubernatrix,
589 2095 758 2179 servatrix,
784 2095 937 2162 nonnulla
963 2089 1051 2174 ἅπαξ
1079 2093 1229 2181 εἰρημένα
1255 2101 1291 2162 ut

185 2205 461 2287 praemonstrator,
478 2207 631 2281 exorator,
655 2204 820 2280 contortor,
842 2199 906 2264 alia
921 2195 1066 2283 denique,
1087 2217 1170 2282 quae
1183 2197 1290 2266 multis

188 2304 324 2373 saeculis
347 2323 367 2368 a
389 2301 592 2388 scriptoribus
614 2300 780 2387 repudiata
807 2301 935 2368 saeculo
961 2310 1036 2387 post
1057 2301 1214 2370 Christum
1235 2321 1291 2368 na·

186 2415 253 2475 tum
273 2406 364 2473 tertio
385 2405 437 2472 vel
459 2410 569 2488 quarto
590 2402 642 2471 vel
664 2405 772 2490 quinto
793 2405 833 2472 ab
861 2405 1039 2490 auctoribus
1059 2425 1207 2490 magnam
1220 2425 1292 2491 par·

186 2518 251 2578 tem
286 2509 508 2577 semibarbaris
547 2515 675 2594 recepta
715 2513 797 2591 sunt,
836 2513 871 2576 ut
901 2514 1039 2576 extortor
1069 2529 1091 2574 a
1121 2507 1291 2594 Cypriano,

187 2615 331 2700 inceptor
367 2612 406 2679 ab
448 2611 585 2698 Avieno,
623 2611 796 2698 compotrix
832 2632 853 2678 a
893 2611 1033 2682 Sidonio.
1080 2649 1122 2662 -
1158 2611 1291 2678 Plautus

188 2722 294 2783 autem
326 2721 359 2782 et
379 2715 545 2782 Terentius
571 2735 636 2783 non
665 2714 858 2800 coniungunt
884 2714 965 2783 haec
997 2714 1195 2783 substantiva
1221 2733 1292 2782 cum

190 2819 326 2904 casibus,
349 2838 428 2904 quos
450 2823 625 2905 exposcunt
645 2819 751 2898 verba,
773 2817 858 2886 undo
884 2817 942 2886 illa
968 2816 1111 2886 derivata
1137 2824 1211 2886 suut
1237 2817 1292 2898 (ol.

188 2922 309 3008 Reisig.
330 2922 352 2989 l.
376 2941 402 2993 c.
424 2942 456 3008 p.
485 2923 558 3006 616,
583 2921 669 2994 Brix.
695 2920 738 2987 ad
764 2921 849 2990 Trin.
878 2922 964 3003 241.)
991 2921 1049 2989 sed
1075 2941 1146 2988 oum
1173 2920 1290 2998 dativo,

188 3045 283 3110 quem
303 3024 409 3112 potius
436 3025 475 3092 ab
505 3031 570 3093 toto
593 3025 759 3093 enuntiato
785 3023 924 3111 pendere
945 3024 1009 3091 iam
1029 3023 1115 3091 idom
1139 3023 1194 3092 ille
1220 3025 1293 3091 Rei·

190 3127 290 3214 sigius
322 3126 438 3195 docuit
483 3123 536 3214 (of.
563 3127 585 3199 l.
614 3148 640 3199 o.
667 3149 699 3213 p.
726 3129 798 3198 669.
826 3127 931 3198 Madv.
958 3128 1015 3199 lat.
1036 3147 1135 3214 granu
1163 3130 1235 3212 241,
1246 3125 1293 3214 3.)

189 3232 275 3301 Usus
300 3251 394 3317 quem
421 3229 487 3298 dixi
513 3230 670 3298 invenitur
695 3230 729 3296 in
754 3230 835 3300 Hae.
861 3231 939 3318 prol
966 3251 996 3300 v.
1023 3234 1075 3303 32.
1102 3232 1156 3300 48.
1197 3230 1294 3300 Haut

192 3337 284 3406 1007.
308 3337 380 3404 991.
401 3334 480 3404 Hac.
503 3334 574 3417 785,
596 3334 668 3401 aliis
689 3332 777 3404 locis.

192 3523 195 3528 Ι
276 3437 378 3504 Venio
399 3437 463 3503 iam
477 3436 520 3505 ad
533 3438 631 3506 verba
645 3442 766 3516 ‚ornatu
780 3435 923 3524 prologi‘,
945 3435 985 3504 de
1001 3436 1114 3522 quibus
1129 3435 1294 3522 aliquanto

192 3540 371 3610 accuratius
391 3539 550 3609 diesem
564 3539 641 3607 mibi
654 3540 687 3608 in
698 3539 803 3608 animo
818 3539 876 3612 est.
900 3539 1095 3626 significatio
1109 3539 1295 3628 principalis

262 3714 291 3782 *t
308 3714 382 3773 casu
399 3711 452 3770 hoc
463 3711 566 3770 iactum
583 3727 645 3770 essa
658 3727 691 3770 eo
709 3711 797 3769 minus
814 3711 981 3784 crediderim,
998 3711 1073 3783 quod
1090 3709 1199 3769 fabulae
1215 3710 1297 3768 Plau·

193 3801 267 3860 tinae
284 3801 338 3859 boo
355 3815 455 3871 genere
472 3799 616 3858 verborum
633 3798 781 3870 abundant,
800 3799 849 3856 sed
867 3799 950 3856 etiarn
967 3799 1066 3856 Plauto
1077 3799 1170 3858 nescio
1182 3814 1217 3856 an
1228 3797 1297 3855 mul·

194 3893 225 3944 ta
241 3889 269 3946 in
286 3888 414 3960 augenda
429 3887 602 3944 multitudino
620 3885 763 3944 verborum
780 3885 925 3946 latinorum
943 3885 1088 3944 tribuenda
1110 3885 1179 3958 sint,
1203 3899 1298 3956 quam-

193 3991 275 4048 quam
292 3976 328 4034 de
343 3975 397 4033 bao
414 3991 444 4034 rc
461 3973 571 4032 difficile
587 3979 631 4032 est
647 3974 796 4045 disputare.
