<?xml version="1.0" encoding="UTF-8"?>
<!DOCTYPE html PUBLIC "-//W3C//DTD XHTML 1.0 Transitional//EN"
    "http://www.w3.org/TR/xhtml1/DTD/xhtml1-transitional.dtd">
<html xmlns="http://www.w3.org/1999/xhtml" xml:lang="en" lang="en">
 <head>
  <title>
</title>
<meta http-equiv="Content-Type" content="text/html;charset=utf-8" />
  <meta name='ocr-system' content='tesseract 3.04.00' />
  <meta name='ocr-capabilities' content='ocr_page ocr_carea ocr_par ocr_line ocrx_word'/>
</head>
<body>
  <div class='ocr_page' id='page_1' title='image "./prologihecyraet00amdogoog_0029.png"; bbox 0 0 2896 4460; ppageno 0'>
   <div class='ocr_carea' id='block_1_1' title="bbox 624 293 833 361">
    <p class='ocr_par' dir='ltr' id='par_1_1' title="bbox 624 293 833 361">
     <span class='ocr_line' id='line_1_1' title="bbox 624 293 833 361; baseline -0.014 -17"><span class='ocrx_word' id='word_1_1' title='bbox 624 293 833 361; x_wconf 58' lang='lat'><strong>„24-</strong></span> 
     </span>
    </p>
   </div>
   <div class='ocr_carea' id='block_1_2' title="bbox 144 459 1285 3691">
    <p class='ocr_par' dir='ltr' id='par_1_2' title="bbox 144 459 1285 3691">
     <span class='ocr_line' id='line_1_2' title="bbox 144 459 1282 547; baseline 0.006 -24"><span class='ocrx_word' id='word_1_2' title='bbox 144 515 148 523; x_wconf 93' lang='lat'>.</span> <span class='ocrx_word' id='word_1_3' title='bbox 175 460 300 528; x_wconf 85' lang='lat' dir='ltr'><strong>tabulas</strong></span> <span class='ocrx_word' id='word_1_4' title='bbox 318 459 437 527; x_wconf 77' lang='lat' dir='ltr'><strong>Caecili</strong></span> <span class='ocrx_word' id='word_1_5' title='bbox 451 460 558 544; x_wconf 78' lang='lat' dir='ltr'><strong>egIsse</strong></span> <span class='ocrx_word' id='word_1_6' title='bbox 572 461 804 544; x_wconf 78' lang='lat' dir='ltr'><strong>maximamque</strong></span> <span class='ocrx_word' id='word_1_7' title='bbox 819 480 961 547; x_wconf 89' lang='lat' dir='ltr'><strong>operam,</strong></span> <span class='ocrx_word' id='word_1_8' title='bbox 986 469 1023 530; x_wconf 93' lang='lat' dir='ltr'><strong>nt</strong></span> <span class='ocrx_word' id='word_1_9' title='bbox 1038 481 1141 531; x_wconf 89' lang='lat' dir='ltr'><strong>novae</strong></span> <span class='ocrx_word' id='word_1_10' title='bbox 1155 463 1282 530; x_wconf 86' lang='lat' dir='ltr'><strong>fabulae</strong></span> 
     </span>
     <span class='ocr_line' id='line_1_3' title="bbox 176 561 1281 648; baseline 0.004 -20"><span class='ocrx_word' id='word_1_11' title='bbox 176 569 410 648; x_wconf 79' lang='lat' dir='ltr'>peragerentur,</span> <span class='ocrx_word' id='word_1_12' title='bbox 444 562 623 631; x_wconf 87' lang='lat' dir='ltr'><strong>navavisso.</strong></span> <span class='ocrx_word' id='word_1_13' title='bbox 679 561 745 629; x_wconf 87' lang='lat' dir='ltr'><strong>Sed</strong></span> <span class='ocrx_word' id='word_1_14' title='bbox 765 561 853 645; x_wconf 92' lang='lat' dir='ltr'><strong>vide,</strong></span> <span class='ocrx_word' id='word_1_15' title='bbox 879 581 922 629; x_wconf 91' lang='lat' dir='ltr'><strong>ne</strong></span> <span class='ocrx_word' id='word_1_16' title='bbox 946 565 1128 631; x_wconf 87' lang='lat' dir='ltr'><strong>innocentia</strong></span> <span class='ocrx_word' id='word_1_17' title='bbox 1153 564 1281 632; x_wconf 85' lang='lat' dir='ltr'><strong>Ambivi</strong></span> 
     </span>
     <span class='ocr_line' id='line_1_4' title="bbox 183 663 1281 750; baseline 0.003 -20"><span class='ocrx_word' id='word_1_18' title='bbox 183 664 279 730; x_wconf 91' lang='lat' dir='ltr'><strong>nimio</strong></span> <span class='ocrx_word' id='word_1_19' title='bbox 301 664 375 750; x_wconf 87' lang='lat' dir='ltr'><strong>plus</strong></span> <span class='ocrx_word' id='word_1_20' title='bbox 396 684 417 729; x_wconf 92' lang='lat' dir='ltr'><strong>a</strong></span> <span class='ocrx_word' id='word_1_21' title='bbox 437 663 611 730; x_wconf 81' lang='lat' dir='ltr'><strong>Bitschelio</strong></span> <span class='ocrx_word' id='word_1_22' title='bbox 633 664 680 745; x_wconf 81' lang='lat' dir='ltr'><strong>(in</strong></span> <span class='ocrx_word' id='word_1_23' title='bbox 700 663 850 747; x_wconf 81' lang='lat' dir='ltr'><strong>Parergis</strong></span> <span class='ocrx_word' id='word_1_24' title='bbox 875 684 907 748; x_wconf 89' lang='lat' dir='ltr'><strong>p.</strong></span> <span class='ocrx_word' id='word_1_25' title='bbox 928 667 991 732; x_wconf 92' lang='grc'><strong>333</strong></span> <span class='ocrx_word' id='word_1_26' title='bbox 1014 665 1055 749; x_wconf 87' lang='lat' dir='ltr'><strong>s.)</strong></span> <span class='ocrx_word' id='word_1_27' title='bbox 1077 667 1208 733; x_wconf 88' lang='lat' dir='ltr'><strong>laudata</strong></span> <span class='ocrx_word' id='word_1_28' title='bbox 1230 667 1281 733; x_wconf 88' lang='lat' dir='ltr'><strong>sit.</strong></span> 
     </span>
     <span class='ocr_line' id='line_1_5' title="bbox 177 764 1283 849; baseline 0.003 -17"><span class='ocrx_word' id='word_1_29' title='bbox 177 767 277 832; x_wconf 85' lang='lat' dir='ltr'><strong>Recte</strong></span> <span class='ocrx_word' id='word_1_30' title='bbox 298 766 381 832; x_wconf 89' lang='lat' dir='ltr'><strong>euim</strong></span> <span class='ocrx_word' id='word_1_31' title='bbox 409 766 558 832; x_wconf 82' lang='lat' dir='ltr'>Donatus</span> <span class='ocrx_word' id='word_1_32' title='bbox 586 784 645 831; x_wconf 91' lang='lat' dir='ltr'><strong>nos</strong></span> <span class='ocrx_word' id='word_1_33' title='bbox 677 764 834 849; x_wconf 79' lang='lat' dir='ltr'><strong>admonet,</strong></span> <span class='ocrx_word' id='word_1_34' title='bbox 866 772 902 831; x_wconf 90' lang='lat' dir='ltr'><strong>ut</strong></span> <span class='ocrx_word' id='word_1_35' title='bbox 935 766 1048 833; x_wconf 90' lang='lat' dir='ltr'><strong>laudes</strong></span> <span class='ocrx_word' id='word_1_36' title='bbox 1082 767 1283 835; x_wconf 79' lang='lat' dir='ltr'><strong>innocentiae</strong></span> 
     </span>
     <span class='ocr_line' id='line_1_6' title="bbox 177 866 1283 955; baseline 0.005 -23"><span class='ocrx_word' id='word_1_37' title='bbox 177 867 303 935; x_wconf 86' lang='lat' dir='ltr'><strong>Ambivi</strong></span> <span class='ocrx_word' id='word_1_38' title='bbox 324 873 416 934; x_wconf 87' lang='lat' dir='ltr'><strong>cante</strong></span> <span class='ocrx_word' id='word_1_39' title='bbox 437 867 649 952; x_wconf 78' lang='lat' dir='ltr'><strong>accipiamus,</strong></span> <span class='ocrx_word' id='word_1_40' title='bbox 679 887 749 932; x_wconf 91' lang='lat' dir='ltr'><strong>eum</strong></span> <span class='ocrx_word' id='word_1_41' title='bbox 781 866 912 933; x_wconf 90' lang='lat' dir='ltr'><strong>adnotet</strong></span> <span class='ocrx_word' id='word_1_42' title='bbox 943 867 986 933; x_wconf 87' lang='lat' dir='ltr'><strong>ad</strong></span> <span class='ocrx_word' id='word_1_43' title='bbox 1016 889 1046 935; x_wconf 91' lang='lat' dir='ltr'><strong>v.</strong></span> <span class='ocrx_word' id='word_1_44' title='bbox 1073 871 1124 938; x_wconf 83' lang='grc'><strong>34.</strong></span> <span class='ocrx_word' id='word_1_45' title='bbox 1159 871 1283 955; x_wconf 79' lang='lat' dir='ltr'><strong>prolog.</strong></span> 
     </span>
     <span class='ocr_line' id='line_1_7' title="bbox 176 968 1281 1055; baseline 0 -21"><span class='ocrx_word' id='word_1_46' title='bbox 176 968 301 1039; x_wconf 90' lang='lat' dir='ltr'><strong>Phorm.</strong></span> <span class='ocrx_word' id='word_1_47' title='bbox 324 970 451 1053; x_wconf 88' lang='lat' dir='ltr'><strong>,ubique</strong></span> <span class='ocrx_word' id='word_1_48' title='bbox 470 968 582 1040; x_wconf 84' lang='lat' dir='ltr'><strong>laudat</strong></span> <span class='ocrx_word' id='word_1_49' title='bbox 600 974 696 1054; x_wconf 74' lang='lat' dir='ltr'><strong>potita</strong></span> <span class='ocrx_word' id='word_1_50' title='bbox 716 975 864 1051; x_wconf 86' lang='lat' dir='ltr'><strong>actorem,</strong></span> <span class='ocrx_word' id='word_1_51' title='bbox 886 974 936 1035; x_wconf 87' lang='lat' dir='ltr'><strong>est</strong></span> <span class='ocrx_word' id='word_1_52' title='bbox 950 969 1034 1036; x_wconf 91' lang='lat' dir='ltr'><strong>enim</strong></span> <span class='ocrx_word' id='word_1_53' title='bbox 1046 973 1162 1055; x_wconf 80' lang='lat' dir='ltr'><strong>poitae</strong></span> <span class='ocrx_word' id='word_1_54' title='bbox 1180 971 1281 1037; x_wconf 89' lang='lat' dir='ltr'><strong>utile‘:</strong></span> 
     </span>
     <span class='ocr_line' id='line_1_8' title="bbox 176 1068 1285 1155; baseline 0.005 -21"><span class='ocrx_word' id='word_1_55' title='bbox 176 1070 238 1136; x_wconf 86' lang='lat' dir='ltr'><strong>lroc</strong></span> <span class='ocrx_word' id='word_1_56' title='bbox 259 1068 376 1136; x_wconf 91' lang='lat' dir='ltr'><strong>idcirco</strong></span> <span class='ocrx_word' id='word_1_57' title='bbox 398 1069 561 1155; x_wconf 84' lang='lat' dir='ltr'><strong>probabile</strong></span> <span class='ocrx_word' id='word_1_58' title='bbox 583 1076 640 1153; x_wconf 88' lang='lat' dir='ltr'><strong>est,</strong></span> <span class='ocrx_word' id='word_1_59' title='bbox 663 1069 739 1152; x_wconf 88' lang='lat' dir='ltr'><strong>quia</strong></span> <span class='ocrx_word' id='word_1_60' title='bbox 758 1073 854 1155; x_wconf 77' lang='lat' dir='ltr'><strong>poita</strong></span> <span class='ocrx_word' id='word_1_61' title='bbox 877 1076 909 1136; x_wconf 90' lang='lat' dir='ltr'><strong>et</strong></span> <span class='ocrx_word' id='word_1_62' title='bbox 929 1078 1028 1154; x_wconf 87' lang='lat' dir='ltr'><strong>actor,</strong></span> <span class='ocrx_word' id='word_1_63' title='bbox 1061 1072 1116 1154; x_wconf 92' lang='lat' dir='ltr'><strong>qui</strong></span> <span class='ocrx_word' id='word_1_64' title='bbox 1142 1091 1183 1138; x_wconf 85' lang='lat' dir='ltr'><strong>ex</strong></span> <span class='ocrx_word' id='word_1_65' title='bbox 1215 1078 1285 1139; x_wconf 87' lang='lat' dir='ltr'><strong>arte</strong></span> 
     </span>
     <span class='ocr_line' id='line_1_9' title="bbox 176 1169 1282 1256; baseline 0.003 -20"><span class='ocrx_word' id='word_1_66' title='bbox 176 1171 298 1237; x_wconf 88' lang='lat' dir='ltr'><strong>musica</strong></span> <span class='ocrx_word' id='word_1_67' title='bbox 319 1177 485 1255; x_wconf 89' lang='lat' dir='ltr'><strong>quaestum</strong></span> <span class='ocrx_word' id='word_1_68' title='bbox 505 1169 683 1256; x_wconf 88' lang='lat' dir='ltr'><strong>percipiunt</strong></span> <span class='ocrx_word' id='word_1_69' title='bbox 703 1207 743 1220; x_wconf 93' lang='lat'><em>-</em></span> <span class='ocrx_word' id='word_1_70' title='bbox 766 1171 847 1238; x_wconf 88' lang='lat' dir='ltr'><strong>haec</strong></span> <span class='ocrx_word' id='word_1_71' title='bbox 872 1192 936 1238; x_wconf 91' lang='lat' dir='ltr'><strong>nou</strong></span> <span class='ocrx_word' id='word_1_72' title='bbox 961 1172 1091 1238; x_wconf 89' lang='lat' dir='ltr'><strong>minima</strong></span> <span class='ocrx_word' id='word_1_73' title='bbox 1117 1193 1193 1239; x_wconf 89' lang='lat' dir='ltr'><strong>cura</strong></span> <span class='ocrx_word' id='word_1_74' title='bbox 1222 1175 1282 1239; x_wconf 77' lang='lat' dir='ltr'><strong>&#39;fe-</strong></span> 
     </span>
     <span class='ocr_line' id='line_1_10' title="bbox 177 1270 1280 1358; baseline 0.003 -20"><span class='ocrx_word' id='word_1_75' title='bbox 177 1271 259 1338; x_wconf 89' lang='lat' dir='ltr'><strong>renti</strong></span> <span class='ocrx_word' id='word_1_76' title='bbox 280 1278 338 1354; x_wconf 87' lang='lat' dir='ltr'><strong>est,</strong></span> <span class='ocrx_word' id='word_1_77' title='bbox 360 1291 401 1338; x_wconf 88' lang='lat' dir='ltr'><strong>ne</strong></span> <span class='ocrx_word' id='word_1_78' title='bbox 422 1271 466 1338; x_wconf 92' lang='lat' dir='ltr'><strong>ad</strong></span> <span class='ocrx_word' id='word_1_79' title='bbox 485 1270 601 1337; x_wconf 81' lang='lat' dir='ltr'><strong>famem</strong></span> <span class='ocrx_word' id='word_1_80' title='bbox 621 1271 768 1338; x_wconf 84' lang='lat' dir='ltr'><strong>reiciatur</strong></span> <span class='ocrx_word' id='word_1_81' title='bbox 790 1271 829 1342; x_wconf 88' lang='lat' dir='ltr'><strong>ol.</strong></span> <span class='ocrx_word' id='word_1_82' title='bbox 850 1272 977 1343; x_wconf 90' lang='lat' dir='ltr'><strong>Phorm.</strong></span> <span class='ocrx_word' id='word_1_83' title='bbox 1003 1274 1082 1358; x_wconf 91' lang='lat' dir='ltr'><strong>prol.</strong></span> <span class='ocrx_word' id='word_1_84' title='bbox 1111 1295 1141 1344; x_wconf 90' lang='lat' dir='ltr'><strong>v.</strong></span> <span class='ocrx_word' id='word_1_85' title='bbox 1173 1276 1213 1341; x_wconf 88' lang='lat'><strong>18</strong></span> <span class='ocrx_word' id='word_1_86' title='bbox 1240 1311 1280 1323; x_wconf 90' lang='lat'>-</span> 
     </span>
     <span class='ocr_line' id='line_1_11' title="bbox 177 1371 1283 1456; baseline 0.002 -16"><span class='ocrx_word' id='word_1_87' title='bbox 177 1373 330 1440; x_wconf 89' lang='lat' dir='ltr'><strong>societate</strong></span> <span class='ocrx_word' id='word_1_88' title='bbox 351 1372 488 1456; x_wconf 91' lang='lat' dir='ltr'><strong>quadam</strong></span> <span class='ocrx_word' id='word_1_89' title='bbox 509 1371 654 1439; x_wconf 85' lang='lat' dir='ltr'><strong>utilitatis</strong></span> <span class='ocrx_word' id='word_1_90' title='bbox 676 1373 758 1439; x_wconf 89' lang='lat' dir='ltr'><strong>inter</strong></span> <span class='ocrx_word' id='word_1_91' title='bbox 778 1392 814 1440; x_wconf 87' lang='lat' dir='ltr'><strong>se</strong></span> <span class='ocrx_word' id='word_1_92' title='bbox 836 1373 995 1440; x_wconf 89' lang='lat' dir='ltr'><strong>coniuncti</strong></span> <span class='ocrx_word' id='word_1_93' title='bbox 1015 1382 1114 1446; x_wconf 83' lang='lat' dir='ltr'><strong>erant.</strong></span> <span class='ocrx_word' id='word_1_94' title='bbox 1157 1374 1223 1442; x_wconf 85' lang='lat' dir='ltr'><strong>Sed</strong></span> <span class='ocrx_word' id='word_1_95' title='bbox 1248 1381 1283 1441; x_wconf 88' lang='lat' dir='ltr'><strong>ut</strong></span> 
     </span>
     <span class='ocr_line' id='line_1_12' title="bbox 175 1473 1283 1560; baseline 0.002 -21"><span class='ocrx_word' id='word_1_96' title='bbox 175 1473 499 1560; x_wconf 64' lang='lat' dir='ltr'><strong>perspicuum-quae</strong></span> <span class='ocrx_word' id='word_1_97' title='bbox 517 1474 600 1540; x_wconf 88' lang='lat' dir='ltr'><strong>haec</strong></span> <span class='ocrx_word' id='word_1_98' title='bbox 624 1473 761 1540; x_wconf 83' lang='lat' dir='ltr'><strong>societas</strong></span> <span class='ocrx_word' id='word_1_99' title='bbox 783 1473 885 1559; x_wconf 85' lang='lat' dir='ltr'><strong>luerit,</strong></span> <span class='ocrx_word' id='word_1_100' title='bbox 906 1475 1044 1542; x_wconf 82' lang='lat' dir='ltr'><strong>maxirne</strong></span> <span class='ocrx_word' id='word_1_101' title='bbox 1062 1476 1283 1560; x_wconf 89' lang='lat' dir='ltr'><strong>inquirendum</strong></span> 
     </span>
     <span class='ocr_line' id='line_1_13' title="bbox 177 1575 1282 1661; baseline 0.004 -20"><span class='ocrx_word' id='word_1_102' title='bbox 177 1581 237 1660; x_wconf 89' lang='lat' dir='ltr'><strong>est,</strong></span> <span class='ocrx_word' id='word_1_103' title='bbox 252 1595 314 1659; x_wconf 92' lang='lat' dir='ltr'><strong>quo</strong></span> <span class='ocrx_word' id='word_1_104' title='bbox 334 1582 430 1661; x_wconf 91' lang='lat' dir='ltr'><strong>pacto</strong></span> <span class='ocrx_word' id='word_1_105' title='bbox 450 1579 547 1661; x_wconf 77' lang='lat' dir='ltr'><strong>podia</strong></span> <span class='ocrx_word' id='word_1_106' title='bbox 566 1575 691 1641; x_wconf 81' lang='lat' dir='ltr'><strong>fabulas</strong></span> <span class='ocrx_word' id='word_1_107' title='bbox 711 1575 890 1642; x_wconf 85' lang='lat' dir='ltr'><strong>vendiderit</strong></span> <span class='ocrx_word' id='word_1_108' title='bbox 910 1582 942 1643; x_wconf 89' lang='lat' dir='ltr'><strong>et</strong></span> <span class='ocrx_word' id='word_1_109' title='bbox 963 1584 1050 1643; x_wconf 88' lang='lat' dir='ltr'><strong>actor</strong></span> <span class='ocrx_word' id='word_1_110' title='bbox 1070 1579 1123 1644; x_wconf 90' lang='lat' dir='ltr'><strong>vel</strong></span> <span class='ocrx_word' id='word_1_111' title='bbox 1137 1578 1282 1646; x_wconf 89' lang='lat' dir='ltr'><strong>dominus</strong></span> 
     </span>
     <span class='ocr_line' id='line_1_14' title="bbox 177 1675 1283 1762; baseline 0.005 -20"><span class='ocrx_word' id='word_1_112' title='bbox 177 1677 285 1761; x_wconf 76' lang='lat' dir='ltr'><strong>gregis</strong></span> <span class='ocrx_word' id='word_1_113' title='bbox 307 1696 363 1743; x_wconf 90' lang='lat' dir='ltr'><strong>eas</strong></span> <span class='ocrx_word' id='word_1_114' title='bbox 386 1677 530 1761; x_wconf 82' lang='lat' dir='ltr'><strong>agendas</strong></span> <span class='ocrx_word' id='word_1_115' title='bbox 551 1677 716 1746; x_wconf 89' lang='lat' dir='ltr'><strong>curaverit.</strong></span> <span class='ocrx_word' id='word_1_116' title='bbox 760 1675 812 1743; x_wconf 86' lang='lat' dir='ltr'><strong>De</strong></span> <span class='ocrx_word' id='word_1_117' title='bbox 834 1677 884 1744; x_wconf 90' lang='lat' dir='ltr'><strong>his</strong></span> <span class='ocrx_word' id='word_1_118' title='bbox 905 1678 1000 1745; x_wconf 89' lang='lat' dir='ltr'><strong>rebus</strong></span> <span class='ocrx_word' id='word_1_119' title='bbox 1029 1697 1111 1762; x_wconf 86' lang='lat' dir='ltr'><strong>quae</strong></span> <span class='ocrx_word' id='word_1_120' title='bbox 1138 1680 1283 1747; x_wconf 83' lang='lat' dir='ltr'><strong>Donatus</strong></span> 
     </span>
     <span class='ocr_line' id='line_1_15' title="bbox 177 1775 1284 1866; baseline 0.005 -24"><span class='ocrx_word' id='word_1_121' title='bbox 177 1775 220 1842; x_wconf 92' lang='lat' dir='ltr'><strong>ad</strong></span> <span class='ocrx_word' id='word_1_122' title='bbox 241 1777 318 1846; x_wconf 90' lang='lat' dir='ltr'><strong>Hec.</strong></span> <span class='ocrx_word' id='word_1_123' title='bbox 340 1778 383 1847; x_wconf 93' lang='lat' dir='ltr'><strong>Il.</strong></span> <span class='ocrx_word' id='word_1_124' title='bbox 404 1780 526 1863; x_wconf 85' lang='lat' dir='ltr'><strong>prolog.</strong></span> <span class='ocrx_word' id='word_1_125' title='bbox 548 1799 578 1848; x_wconf 88' lang='lat' dir='ltr'><strong>v.</strong></span> <span class='ocrx_word' id='word_1_126' title='bbox 600 1779 653 1846; x_wconf 85' lang='lat'><strong>49.</strong></span> <span class='ocrx_word' id='word_1_127' title='bbox 675 1777 872 1864; x_wconf 79' lang='lat' dir='ltr'><strong>adnotavit*)</strong></span> <span class='ocrx_word' id='word_1_128' title='bbox 892 1779 937 1845; x_wconf 90' lang='lat' dir='ltr'><strong>ita</strong></span> <span class='ocrx_word' id='word_1_129' title='bbox 958 1786 993 1845; x_wconf 90' lang='lat' dir='ltr'><strong>ut</strong></span> <span class='ocrx_word' id='word_1_130' title='bbox 1013 1781 1177 1865; x_wconf 83' lang='lat' dir='ltr'><strong>permulta,</strong></span> <span class='ocrx_word' id='word_1_131' title='bbox 1200 1800 1284 1866; x_wconf 89' lang='lat' dir='ltr'><strong>qnae</strong></span> 
     </span>
     <span class='ocr_line' id='line_1_16' title="bbox 177 1878 1282 1967; baseline 0.005 -23"><span class='ocrx_word' id='word_1_132' title='bbox 177 1899 217 1944; x_wconf 85' lang='lat' dir='ltr'><strong>ex</strong></span> <span class='ocrx_word' id='word_1_133' title='bbox 239 1878 300 1946; x_wconf 93' lang='lat' dir='ltr'><strong>hoc</strong></span> <span class='ocrx_word' id='word_1_134' title='bbox 320 1899 383 1946; x_wconf 92' lang='lat' dir='ltr'><strong>uno</strong></span> <span class='ocrx_word' id='word_1_135' title='bbox 405 1879 492 1947; x_wconf 80' lang='lat' dir='ltr'><strong>fonte</strong></span> <span class='ocrx_word' id='word_1_136' title='bbox 511 1886 656 1964; x_wconf 90' lang='lat' dir='ltr'><strong>manant,</strong></span> <span class='ocrx_word' id='word_1_137' title='bbox 682 1901 746 1947; x_wconf 94' lang='lat' dir='ltr'><strong>non</strong></span> <span class='ocrx_word' id='word_1_138' title='bbox 772 1879 986 1967; x_wconf 86' lang='lat' dir='ltr'><strong>praepropere</strong></span> <span class='ocrx_word' id='word_1_139' title='bbox 1012 1881 1171 1956; x_wconf 88' lang='lat' dir='ltr'><strong>credenda</strong></span> <span class='ocrx_word' id='word_1_140' title='bbox 1198 1890 1282 1958; x_wconf 86' lang='lat' dir='ltr'><strong>sunt,</strong></span> 
     </span>
     <span class='ocr_line' id='line_1_17' title="bbox 177 1979 1282 2065; baseline 0.004 -19"><span class='ocrx_word' id='word_1_141' title='bbox 177 1979 236 2046; x_wconf 88' lang='lat' dir='ltr'><strong>sed</strong></span> <span class='ocrx_word' id='word_1_142' title='bbox 257 1980 430 2047; x_wconf 89' lang='lat' dir='ltr'><strong>curandum</strong></span> <span class='ocrx_word' id='word_1_143' title='bbox 452 1987 510 2065; x_wconf 89' lang='lat' dir='ltr'><strong>est,</strong></span> <span class='ocrx_word' id='word_1_144' title='bbox 531 1989 567 2049; x_wconf 90' lang='lat' dir='ltr'><strong>ut</strong></span> <span class='ocrx_word' id='word_1_145' title='bbox 588 2003 663 2050; x_wconf 89' lang='lat' dir='ltr'><strong>vera</strong></span> <span class='ocrx_word' id='word_1_146' title='bbox 684 2004 705 2049; x_wconf 91' lang='lat' dir='ltr'><strong>a</strong></span> <span class='ocrx_word' id='word_1_147' title='bbox 726 1983 817 2050; x_wconf 82' lang='lat' dir='ltr'><strong>salsis</strong></span> <span class='ocrx_word' id='word_1_148' title='bbox 839 1990 1053 2051; x_wconf 80' lang='lat' dir='ltr'><strong>secernantur.</strong></span> <span class='ocrx_word' id='word_1_149' title='bbox 1095 1985 1178 2050; x_wconf 82' lang='lat' dir='ltr'><strong>Num</strong></span> <span class='ocrx_word' id='word_1_150' title='bbox 1202 1984 1282 2050; x_wconf 91' lang='lat' dir='ltr'><strong>veri-</strong></span> 
     </span>
     <span class='ocr_line' id='line_1_18' title="bbox 177 2081 1282 2171; baseline 0.005 -24"><span class='ocrx_word' id='word_1_151' title='bbox 177 2081 281 2148; x_wconf 82' lang='lat' dir='ltr'><strong>simile</strong></span> <span class='ocrx_word' id='word_1_152' title='bbox 302 2087 360 2158; x_wconf 90' lang='lat' dir='ltr'><strong>est,</strong></span> <span class='ocrx_word' id='word_1_153' title='bbox 382 2089 509 2169; x_wconf 78' lang='lat' dir='ltr'><strong>poetam</strong></span> <span class='ocrx_word' id='word_1_154' title='bbox 525 2082 638 2150; x_wconf 85' lang='lat' dir='ltr'><strong>fabula</strong></span> <span class='ocrx_word' id='word_1_155' title='bbox 660 2091 774 2152; x_wconf 83' lang='lat' dir='ltr'><strong>exacta</strong></span> <span class='ocrx_word' id='word_1_156' title='bbox 794 2084 873 2150; x_wconf 93' lang='lat' dir='ltr'><strong>nihil</strong></span> <span class='ocrx_word' id='word_1_157' title='bbox 892 2085 986 2151; x_wconf 90' lang='lat' dir='ltr'><strong>soluti</strong></span> <span class='ocrx_word' id='word_1_158' title='bbox 1000 2084 1081 2170; x_wconf 91' lang='lat' dir='ltr'><strong>preti</strong></span> <span class='ocrx_word' id='word_1_159' title='bbox 1094 2085 1282 2171; x_wconf 86' lang='lat' dir='ltr'><strong>perdidisse,</strong></span> 
     </span>
     <span class='ocr_line' id='line_1_19' title="bbox 176 2183 1283 2272; baseline 0.004 -22"><span class='ocrx_word' id='word_1_160' title='bbox 176 2183 234 2250; x_wconf 93' lang='lat' dir='ltr'><strong>sed</strong></span> <span class='ocrx_word' id='word_1_161' title='bbox 261 2189 361 2250; x_wconf 90' lang='lat' dir='ltr'><strong>totum</strong></span> <span class='ocrx_word' id='word_1_162' title='bbox 386 2185 521 2270; x_wconf 87' lang='lat' dir='ltr'><strong>pretium</strong></span> <span class='ocrx_word' id='word_1_163' title='bbox 546 2187 587 2252; x_wconf 87' lang='lat' dir='ltr'><strong>ab</strong></span> <span class='ocrx_word' id='word_1_164' title='bbox 614 2193 730 2272; x_wconf 89' lang='lat' dir='ltr'><strong>actore,</strong></span> <span class='ocrx_word' id='word_1_165' title='bbox 759 2187 813 2270; x_wconf 88' lang='lat' dir='ltr'><strong>qui</strong></span> <span class='ocrx_word' id='word_1_166' title='bbox 846 2187 1088 2271; x_wconf 86' lang='lat' dir='ltr'><strong>aestimavisset,</strong></span> <span class='ocrx_word' id='word_1_167' title='bbox 1115 2187 1283 2272; x_wconf 90' lang='lat' dir='ltr'><strong>repetitum</strong></span> 
     </span>
     <span class='ocr_line' id='line_1_20' title="bbox 180 2284 1283 2374; baseline 0.006 -24"><span class='ocrx_word' id='word_1_168' title='bbox 180 2285 273 2351; x_wconf 80' lang='lat' dir='ltr'><strong>esse?</strong></span> <span class='ocrx_word' id='word_1_169' title='bbox 316 2284 385 2363; x_wconf 83' lang='lat' dir='ltr'><strong>Quo</strong></span> <span class='ocrx_word' id='word_1_170' title='bbox 412 2286 539 2352; x_wconf 88' lang='lat' dir='ltr'><strong>tandem</strong></span> <span class='ocrx_word' id='word_1_171' title='bbox 566 2287 660 2354; x_wconf 92' lang='lat' dir='ltr'><strong>modo</strong></span> <span class='ocrx_word' id='word_1_172' title='bbox 687 2295 775 2354; x_wconf 87' lang='lat' dir='ltr'><strong>actor</strong></span> <span class='ocrx_word' id='word_1_173' title='bbox 809 2287 890 2373; x_wconf 88' lang='lat' dir='ltr'><strong>(scil.</strong></span> <span class='ocrx_word' id='word_1_174' title='bbox 925 2307 1035 2354; x_wconf 90' lang='lat' dir='ltr'><strong>servus</strong></span> <span class='ocrx_word' id='word_1_175' title='bbox 1059 2289 1112 2354; x_wconf 90' lang='lat' dir='ltr'><strong>vel</strong></span> <span class='ocrx_word' id='word_1_176' title='bbox 1138 2289 1283 2374; x_wconf 89' lang='lat' dir='ltr'><strong>libertus)</strong></span> 
     </span>
     <span class='ocr_line' id='line_1_21' title="bbox 175 2387 1283 2476; baseline 0.005 -24"><span class='ocrx_word' id='word_1_177' title='bbox 175 2391 285 2452; x_wconf 90' lang='lat' dir='ltr'><strong>tantae</strong></span> <span class='ocrx_word' id='word_1_178' title='bbox 306 2387 461 2472; x_wconf 86' lang='lat' dir='ltr'><strong>pecuniae</strong></span> <span class='ocrx_word' id='word_1_179' title='bbox 482 2388 562 2455; x_wconf 86' lang='lat' dir='ltr'><strong>satis</strong></span> <span class='ocrx_word' id='word_1_180' title='bbox 584 2409 697 2456; x_wconf 87' lang='lat' dir='ltr'><strong>cavere</strong></span> <span class='ocrx_word' id='word_1_181' title='bbox 718 2390 840 2475; x_wconf 81' lang='lat' dir='ltr'><strong>potuit?</strong></span> <span class='ocrx_word' id='word_1_182' title='bbox 882 2390 994 2456; x_wconf 81' lang='lat' dir='ltr'><strong>Nonne</strong></span> <span class='ocrx_word' id='word_1_183' title='bbox 1015 2390 1209 2474; x_wconf 86' lang='lat' dir='ltr'><strong>probabilius</strong></span> <span class='ocrx_word' id='word_1_184' title='bbox 1224 2398 1283 2476; x_wconf 90' lang='lat' dir='ltr'><strong>est,</strong></span> 
     </span>
     <span class='ocr_line' id='line_1_22' title="bbox 175 2489 1283 2576; baseline 0.003 -22"><span class='ocrx_word' id='word_1_185' title='bbox 175 2494 231 2554; x_wconf 89' lang='lat' dir='ltr'><strong>aut</strong></span> <span class='ocrx_word' id='word_1_186' title='bbox 251 2489 391 2555; x_wconf 82' lang='lat' dir='ltr'><strong>fabulam</strong></span> <span class='ocrx_word' id='word_1_187' title='bbox 418 2491 458 2556; x_wconf 91' lang='lat' dir='ltr'><strong>ab</strong></span> <span class='ocrx_word' id='word_1_188' title='bbox 484 2499 591 2557; x_wconf 88' lang='lat' dir='ltr'><strong>actore</strong></span> <span class='ocrx_word' id='word_1_189' title='bbox 618 2510 656 2557; x_wconf 92' lang='lat' dir='ltr'><strong>ea</strong></span> <span class='ocrx_word' id='word_1_190' title='bbox 683 2491 866 2558; x_wconf 89' lang='lat' dir='ltr'><strong>condicione</strong></span> <span class='ocrx_word' id='word_1_191' title='bbox 893 2492 1092 2557; x_wconf 88' lang='lat' dir='ltr'><strong>aestimatam</strong></span> <span class='ocrx_word' id='word_1_192' title='bbox 1124 2509 1212 2576; x_wconf 89' lang='lat' dir='ltr'><strong>esse,</strong></span> <span class='ocrx_word' id='word_1_193' title='bbox 1239 2497 1283 2576; x_wconf 83' lang='lat' dir='ltr'><strong>ut,</strong></span> 
     </span>
     <span class='ocr_line' id='line_1_23' title="bbox 179 2591 1282 2679; baseline 0.004 -24"><span class='ocrx_word' id='word_1_194' title='bbox 179 2611 250 2656; x_wconf 91' lang='lat' dir='ltr'><strong>cnm</strong></span> <span class='ocrx_word' id='word_1_195' title='bbox 269 2591 379 2658; x_wconf 84' lang='lat' dir='ltr'><strong>sabula</strong></span> <span class='ocrx_word' id='word_1_196' title='bbox 404 2613 468 2660; x_wconf 91' lang='lat' dir='ltr'><strong>uon</strong></span> <span class='ocrx_word' id='word_1_197' title='bbox 496 2593 647 2676; x_wconf 87' lang='lat' dir='ltr'><strong>stetisset,</strong></span> <span class='ocrx_word' id='word_1_198' title='bbox 679 2594 814 2672; x_wconf 87' lang='lat' dir='ltr'><strong>pecunia</strong></span> <span class='ocrx_word' id='word_1_199' title='bbox 840 2614 861 2659; x_wconf 88' lang='lat' dir='ltr'><strong>a</strong></span> <span class='ocrx_word' id='word_1_200' title='bbox 886 2599 981 2679; x_wconf 74' lang='lat' dir='ltr'><strong>poeta</strong></span> <span class='ocrx_word' id='word_1_201' title='bbox 1006 2591 1191 2659; x_wconf 85' lang='lat' dir='ltr'><strong>redderetur</strong></span> <span class='ocrx_word' id='word_1_202' title='bbox 1217 2600 1282 2676; x_wconf 88' lang='lat' dir='ltr'><strong>aut,</strong></span> 
     </span>
     <span class='ocr_line' id='line_1_24' title="bbox 177 2692 1283 2780; baseline 0.004 -22"><span class='ocrx_word' id='word_1_203' title='bbox 177 2692 261 2777; x_wconf 90' lang='lat' dir='ltr'><strong>quod</strong></span> <span class='ocrx_word' id='word_1_204' title='bbox 274 2694 477 2761; x_wconf 84' lang='lat' dir='ltr'><strong>verisimilius</strong></span> <span class='ocrx_word' id='word_1_205' title='bbox 500 2702 557 2779; x_wconf 88' lang='lat' dir='ltr'><strong>est,</strong></span> <span class='ocrx_word' id='word_1_206' title='bbox 578 2696 744 2779; x_wconf 88' lang='lat' dir='ltr'><strong>pecuniam</strong></span> <span class='ocrx_word' id='word_1_207' title='bbox 766 2700 840 2780; x_wconf 92' lang='lat' dir='ltr'><strong>post</strong></span> <span class='ocrx_word' id='word_1_208' title='bbox 860 2701 1021 2779; x_wconf 86' lang='lat' dir='ltr'><strong>peractam</strong></span> <span class='ocrx_word' id='word_1_209' title='bbox 1043 2693 1169 2760; x_wconf 90' lang='lat' dir='ltr'><strong>demum</strong></span> <span class='ocrx_word' id='word_1_210' title='bbox 1194 2694 1283 2762; x_wconf 83' lang='lat' dir='ltr'><strong>iabu-</strong></span> 
     </span>
     <span class='ocr_line' id='line_1_25' title="bbox 177 2794 1283 2879; baseline 0.003 -19"><span class='ocrx_word' id='word_1_211' title='bbox 177 2795 243 2860; x_wconf 91' lang='lat' dir='ltr'><strong>lam</strong></span> <span class='ocrx_word' id='word_1_212' title='bbox 264 2795 304 2860; x_wconf 91' lang='lat' dir='ltr'><strong>ab</strong></span> <span class='ocrx_word' id='word_1_213' title='bbox 328 2795 498 2863; x_wconf 91' lang='lat' dir='ltr'><strong>editoribus</strong></span> <span class='ocrx_word' id='word_1_214' title='bbox 519 2796 665 2863; x_wconf 90' lang='lat' dir='ltr'><strong>ludorum</strong></span> <span class='ocrx_word' id='word_1_215' title='bbox 678 2803 876 2863; x_wconf 87' lang='lat' dir='ltr'><strong>numeratam</strong></span> <span class='ocrx_word' id='word_1_216' title='bbox 890 2795 985 2862; x_wconf 81' lang='lat' dir='ltr'><strong>esse?</strong></span> <span class='ocrx_word' id='word_1_217' title='bbox 1028 2794 1119 2874; x_wconf 80' lang='lat' dir='ltr'><strong>Quae</strong></span> <span class='ocrx_word' id='word_1_218' title='bbox 1132 2797 1283 2879; x_wconf 85' lang='lat' dir='ltr'><strong>quodam-</strong></span> 
     </span>
     <span class='ocr_line' id='line_1_26' title="bbox 177 2895 1283 2982; baseline 0.002 -21"><span class='ocrx_word' id='word_1_219' title='bbox 177 2895 270 2961; x_wconf 92' lang='lat' dir='ltr'><strong>modo</strong></span> <span class='ocrx_word' id='word_1_220' title='bbox 298 2896 499 2963; x_wconf 86' lang='lat' dir='ltr'><strong>confirmatur</strong></span> <span class='ocrx_word' id='word_1_221' title='bbox 524 2899 713 2965; x_wconf 86' lang='lat' dir='ltr'><strong>coniectura.</strong></span> <span class='ocrx_word' id='word_1_222' title='bbox 759 2897 930 2965; x_wconf 89' lang='lat' dir='ltr'><strong>Suetonius</strong></span> <span class='ocrx_word' id='word_1_223' title='bbox 955 2895 1039 2963; x_wconf 89' lang='lat' dir='ltr'><strong>enim</strong></span> <span class='ocrx_word' id='word_1_224' title='bbox 1072 2915 1142 2962; x_wconf 89' lang='lat' dir='ltr'><strong>cum</strong></span> <span class='ocrx_word' id='word_1_225' title='bbox 1155 2898 1283 2982; x_wconf 85' lang='lat' dir='ltr'><strong>tradat,</strong></span> 
     </span>
     <span class='ocr_line' id='line_1_27' title="bbox 178 2995 1283 3084; baseline 0.002 -23"><span class='ocrx_word' id='word_1_226' title='bbox 178 2997 359 3062; x_wconf 80' lang='lat' dir='ltr'><strong>Terentium</strong></span> <span class='ocrx_word' id='word_1_227' title='bbox 382 3018 422 3065; x_wconf 88' lang='lat' dir='ltr'><strong>ex</strong></span> <span class='ocrx_word' id='word_1_228' title='bbox 443 2995 596 3066; x_wconf 85' lang='lat' dir='ltr'><strong>Eunucho</strong></span> <span class='ocrx_word' id='word_1_229' title='bbox 616 2999 725 3066; x_wconf 84' lang='lat' dir='ltr'><strong>fabula</strong></span> <span class='ocrx_word' id='word_1_230' title='bbox 746 3000 796 3067; x_wconf 90' lang='lat' dir='ltr'><strong>bis</strong></span> <span class='ocrx_word' id='word_1_231' title='bbox 818 3006 891 3066; x_wconf 87' lang='lat' dir='ltr'><strong>acta</strong></span> <span class='ocrx_word' id='word_1_232' title='bbox 911 2998 1094 3084; x_wconf 88' lang='lat' dir='ltr'><strong>percepisse</strong></span> <span class='ocrx_word' id='word_1_233' title='bbox 1109 3005 1179 3064; x_wconf 90' lang='lat' dir='ltr'><strong>ooto</strong></span> <span class='ocrx_word' id='word_1_234' title='bbox 1194 2998 1283 3063; x_wconf 91' lang='lat' dir='ltr'><strong>milia</strong></span> 
     </span>
     <span class='ocr_line' id='line_1_28' title="bbox 176 3098 1283 3186; baseline 0.001 -23"><span class='ocrx_word' id='word_1_235' title='bbox 176 3118 346 3181; x_wconf 90' lang='lat' dir='ltr'><strong>nummum,</strong></span> <span class='ocrx_word' id='word_1_236' title='bbox 371 3098 466 3167; x_wconf 85' lang='lat' dir='ltr'><strong>facile</strong></span> <span class='ocrx_word' id='word_1_237' title='bbox 499 3101 695 3177; x_wconf 88' lang='lat' dir='ltr'><strong>crediderim,</strong></span> <span class='ocrx_word' id='word_1_238' title='bbox 722 3102 783 3168; x_wconf 91' lang='lat' dir='ltr'><strong>hoc</strong></span> <span class='ocrx_word' id='word_1_239' title='bbox 814 3119 1020 3186; x_wconf 84' lang='lat' dir='ltr'><strong>permagnum</strong></span> <span class='ocrx_word' id='word_1_240' title='bbox 1050 3099 1185 3184; x_wconf 89' lang='lat' dir='ltr'><strong>pretium</strong></span> <span class='ocrx_word' id='word_1_241' title='bbox 1216 3106 1283 3165; x_wconf 90' lang='lat' dir='ltr'><strong>tum</strong></span> 
     </span>
     <span class='ocr_line' id='line_1_29' title="bbox 178 3199 1281 3288; baseline 0.006 -26"><span class='ocrx_word' id='word_1_242' title='bbox 178 3199 314 3280; x_wconf 92' lang='lat' dir='ltr'><strong>demum,</strong></span> <span class='ocrx_word' id='word_1_243' title='bbox 343 3220 413 3266; x_wconf 91' lang='lat' dir='ltr'><strong>cum</strong></span> <span class='ocrx_word' id='word_1_244' title='bbox 441 3200 553 3268; x_wconf 83' lang='lat' dir='ltr'><strong>fabula</strong></span> <span class='ocrx_word' id='word_1_245' title='bbox 580 3203 755 3288; x_wconf 89' lang='lat' dir='ltr'><strong>placuerat,</strong></span> <span class='ocrx_word' id='word_1_246' title='bbox 781 3203 821 3268; x_wconf 91' lang='lat' dir='ltr'><strong>ab</strong></span> <span class='ocrx_word' id='word_1_247' title='bbox 848 3200 1004 3268; x_wconf 91' lang='lat' dir='ltr'><strong>aedilibus</strong></span> <span class='ocrx_word' id='word_1_248' title='bbox 1036 3201 1172 3267; x_wconf 90' lang='lat' dir='ltr'><strong>solutum</strong></span> <span class='ocrx_word' id='word_1_249' title='bbox 1199 3220 1281 3270; x_wconf 89' lang='lat' dir='ltr'><strong>esse.</strong></span> 
     </span>
     <span class='ocr_line' id='line_1_30' title="bbox 176 3299 1283 3389; baseline 0.004 -25"><span class='ocrx_word' id='word_1_250' title='bbox 176 3299 248 3365; x_wconf 91' lang='lat' dir='ltr'><strong>Huc</strong></span> <span class='ocrx_word' id='word_1_251' title='bbox 269 3301 299 3366; x_wconf 94' lang='lat' dir='ltr'><strong>si</strong></span> <span class='ocrx_word' id='word_1_252' title='bbox 319 3300 489 3387; x_wconf 88' lang='lat' dir='ltr'><strong>addideris,</strong></span> <span class='ocrx_word' id='word_1_253' title='bbox 511 3310 626 3389; x_wconf 72' lang='lat' dir='ltr'><strong>pottae</strong></span> <span class='ocrx_word' id='word_1_254' title='bbox 648 3323 718 3370; x_wconf 92' lang='lat' dir='ltr'><strong>cum</strong></span> <span class='ocrx_word' id='word_1_255' title='bbox 740 3304 866 3370; x_wconf 92' lang='lat' dir='ltr'><strong>domino</strong></span> <span class='ocrx_word' id='word_1_256' title='bbox 886 3302 995 3387; x_wconf 81' lang='lat' dir='ltr'><strong>gregis</strong></span> <span class='ocrx_word' id='word_1_257' title='bbox 1016 3301 1057 3366; x_wconf 91' lang='lat' dir='ltr'><strong>de</strong></span> <span class='ocrx_word' id='word_1_258' title='bbox 1071 3301 1217 3367; x_wconf 87' lang='lat' dir='ltr'><strong>mercede</strong></span> <span class='ocrx_word' id='word_1_259' title='bbox 1232 3323 1283 3368; x_wconf 89' lang='lat' dir='ltr'><strong>ac·</strong></span> 
     </span>
     <span class='ocr_line' id='line_1_31' title="bbox 170 3402 1283 3492; baseline 0.004 -26"><span class='ocrx_word' id='word_1_260' title='bbox 170 3407 273 3467; x_wconf 90' lang='lat' dir='ltr'><strong>torum</strong></span> <span class='ocrx_word' id='word_1_261' title='bbox 299 3408 405 3469; x_wconf 87' lang='lat' dir='ltr'><strong>aetate</strong></span> <span class='ocrx_word' id='word_1_262' title='bbox 431 3404 561 3470; x_wconf 84' lang='lat' dir='ltr'><strong>Terenti</strong></span> <span class='ocrx_word' id='word_1_263' title='bbox 587 3405 775 3472; x_wconf 91' lang='lat' dir='ltr'><strong>convenisse</strong></span> <span class='ocrx_word' id='word_1_264' title='bbox 811 3403 865 3492; x_wconf 87' lang='lat' dir='ltr'><strong>(ci.</strong></span> <span class='ocrx_word' id='word_1_265' title='bbox 893 3402 1027 3471; x_wconf 87' lang='lat' dir='ltr'><strong>Ritschl.</strong></span> <span class='ocrx_word' id='word_1_266' title='bbox 1048 3402 1178 3486; x_wconf 83' lang='lat' dir='ltr'><strong>Parerg.</strong></span> <span class='ocrx_word' id='word_1_267' title='bbox 1207 3405 1283 3471; x_wconf 77' lang='lat'><strong>328.</strong></span> 
     </span>
     <span class='ocr_line' id='line_1_32' title="bbox 175 3501 1282 3591; baseline 0.005 -25"><span class='ocrx_word' id='word_1_268' title='bbox 175 3501 270 3572; x_wconf 88' lang='lat' dir='ltr'><strong>Haut.</strong></span> <span class='ocrx_word' id='word_1_269' title='bbox 292 3507 334 3570; x_wconf 87' lang='grc'><strong>43</strong></span> <span class='ocrx_word' id='word_1_270' title='bbox 356 3523 399 3574; x_wconf 92' lang='lat' dir='ltr'><strong>ss.</strong></span> <span class='ocrx_word' id='word_1_271' title='bbox 422 3502 489 3588; x_wconf 88' lang='grc'>48.)</span> <span class='ocrx_word' id='word_1_272' title='bbox 510 3543 551 3556; x_wconf 91' lang='grc'>-</span> <span class='ocrx_word' id='word_1_273' title='bbox 578 3507 802 3591; x_wconf 87' lang='lat' dir='ltr'><strong>posterioribus</strong></span> <span class='ocrx_word' id='word_1_274' title='bbox 831 3505 914 3571; x_wconf 91' lang='lat' dir='ltr'><strong>enim</strong></span> <span class='ocrx_word' id='word_1_275' title='bbox 940 3505 1132 3590; x_wconf 89' lang='lat' dir='ltr'><strong>temporibus</strong></span> <span class='ocrx_word' id='word_1_276' title='bbox 1158 3511 1282 3571; x_wconf 89' lang='lat' dir='ltr'><strong>actores</strong></span> 
     </span>
     <span class='ocr_line' id='line_1_33' title="bbox 176 3604 1282 3691; baseline 0.003 -23"><span class='ocrx_word' id='word_1_277' title='bbox 176 3604 217 3668; x_wconf 92' lang='lat' dir='ltr'><strong>ab</strong></span> <span class='ocrx_word' id='word_1_278' title='bbox 255 3605 425 3673; x_wconf 89' lang='lat' dir='ltr'><strong>editoribus</strong></span> <span class='ocrx_word' id='word_1_279' title='bbox 455 3605 599 3673; x_wconf 90' lang='lat' dir='ltr'><strong>ludorum</strong></span> <span class='ocrx_word' id='word_1_280' title='bbox 634 3608 756 3676; x_wconf 90' lang='lat' dir='ltr'><strong>locatos</strong></span> <span class='ocrx_word' id='word_1_281' title='bbox 787 3628 861 3676; x_wconf 87' lang='lat' dir='ltr'><strong>esse</strong></span> <span class='ocrx_word' id='word_1_282' title='bbox 891 3613 1000 3674; x_wconf 91' lang='lat' dir='ltr'><strong>notum</strong></span> <span class='ocrx_word' id='word_1_283' title='bbox 1036 3613 1086 3673; x_wconf 90' lang='lat' dir='ltr'><strong>est</strong></span> <span class='ocrx_word' id='word_1_284' title='bbox 1117 3604 1282 3691; x_wconf 86' lang='lat' dir='ltr'><strong>(Becker-</strong></span> 
     </span>
    </p>
   </div>
   <div class='ocr_carea' id='block_1_3' title="bbox 176 3739 1285 3985">
    <p class='ocr_par' dir='ltr' id='par_1_3' title="bbox 176 3739 1285 3985">
     <span class='ocr_line' id='line_1_34' title="bbox 245 3739 1285 3813; baseline 0.002 -17"><span class='ocrx_word' id='word_1_285' title='bbox 245 3739 270 3806; x_wconf 78' lang='lat'><strong>*)</strong></span> <span class='ocrx_word' id='word_1_286' title='bbox 304 3739 517 3811; x_wconf 75' lang='lat' dir='ltr'><strong>,destinatione</strong></span> <span class='ocrx_word' id='word_1_287' title='bbox 534 3756 552 3796; x_wconf 90' lang='lat' dir='ltr'><strong>a</strong></span> <span class='ocrx_word' id='word_1_288' title='bbox 568 3757 611 3798; x_wconf 90' lang='lat' dir='ltr'><strong>mc</strong></span> <span class='ocrx_word' id='word_1_289' title='bbox 629 3742 777 3813; x_wconf 75' lang='lat' dir='ltr'><strong>(Ambivio)</strong></span> <span class='ocrx_word' id='word_1_290' title='bbox 801 3743 877 3800; x_wconf 85' lang='lat' dir='ltr'><strong>sacta</strong></span> <span class='ocrx_word' id='word_1_291' title='bbox 899 3746 1032 3811; x_wconf 87' lang='lat' dir='ltr'><strong>quantum</strong></span> <span class='ocrx_word' id='word_1_292' title='bbox 1050 3741 1154 3797; x_wconf 76' lang='lat' dir='ltr'><strong>reddes</strong></span> <span class='ocrx_word' id='word_1_293' title='bbox 1170 3740 1285 3798; x_wconf 90' lang='lat' dir='ltr'><strong>darent:</strong></span> 
     </span>
     <span class='ocr_line' id='line_1_35' title="bbox 178 3825 1283 3898; baseline 0.005 -21"><span class='ocrx_word' id='word_1_294' title='bbox 178 3828 208 3878; x_wconf 89' lang='lat' dir='ltr'><strong>et</strong></span> <span class='ocrx_word' id='word_1_295' title='bbox 224 3825 336 3893; x_wconf 88' lang='lat' dir='ltr'><strong>proinde</strong></span> <span class='ocrx_word' id='word_1_296' title='bbox 358 3841 402 3883; x_wconf 88' lang='lat' dir='ltr'><strong>ms</strong></span> <span class='ocrx_word' id='word_1_297' title='bbox 418 3827 597 3898; x_wconf 86' lang='lat' dir='ltr'><strong>periclitante,</strong></span> <span class='ocrx_word' id='word_1_298' title='bbox 616 3829 639 3884; x_wconf 89' lang='lat' dir='ltr'><strong>si</strong></span> <span class='ocrx_word' id='word_1_299' title='bbox 657 3827 764 3885; x_wconf 86' lang='lat' dir='ltr'><strong>abiecta</strong></span> <span class='ocrx_word' id='word_1_300' title='bbox 781 3828 875 3886; x_wconf 80' lang='lat' dir='ltr'><strong>tabula</strong></span> <span class='ocrx_word' id='word_1_301' title='bbox 891 3845 909 3884; x_wconf 82' lang='lat' dir='ltr'><strong>a</strong></span> <span class='ocrx_word' id='word_1_302' title='bbox 927 3841 971 3883; x_wconf 86' lang='lat' dir='ltr'><strong>me</strong></span> <span class='ocrx_word' id='word_1_303' title='bbox 987 3827 1114 3898; x_wconf 88' lang='lat' dir='ltr'><strong>pretium,</strong></span> <span class='ocrx_word' id='word_1_304' title='bbox 1138 3827 1212 3897; x_wconf 87' lang='lat' dir='ltr'><strong>quod</strong></span> <span class='ocrx_word' id='word_1_305' title='bbox 1235 3842 1283 3897; x_wconf 81' lang='lat' dir='ltr'><strong>po</strong></span> 
     </span>
     <span class='ocr_line' id='line_1_36' title="bbox 176 3913 1145 3985; baseline -0.003 -17"><span class='ocrx_word' id='word_1_306' title='bbox 176 3915 239 3971; x_wconf 73' lang='lat' dir='ltr'><strong>ttae</strong></span> <span class='ocrx_word' id='word_1_307' title='bbox 249 3913 459 3985; x_wconf 84' lang='lat' dir='ltr'><strong>numeraverint,</strong></span> <span class='ocrx_word' id='word_1_308' title='bbox 475 3916 620 3984; x_wconf 80' lang='lat' dir='ltr'><strong>repetsnt‘</strong></span> <span class='ocrx_word' id='word_1_309' title='bbox 1142 3961 1145 3965; x_wconf 89' lang='lat'>.</span> 
     </span>
    </p>
   </div>
   <div class='ocr_carea' id='block_1_4' title="bbox 0 0 1454 4460">
    <p class='ocr_par' dir='ltr' id='par_1_4' title="bbox 0 0 1454 4460">
     <span class='ocr_line' id='line_1_37' title="bbox 0 0 1454 4460; baseline 0 0"><span class='ocrx_word' id='word_1_310' title='bbox 0 0 1454 4460; x_wconf 95' lang='lat' dir='ltr'><strong> </strong></span> 
     </span>
    </p>
   </div>
  </div>
 </body>
</html>
