2896 4460
611 309 821 380 ..gy-

154 481 238 548 hane
257 497 324 547 rem
346 478 473 549 disertis
494 478 597 546 verbis
619 483 842 546 commemorat
862 476 916 564 (ei.
942 497 1022 548 mus.
1052 475 1153 548 Rhen.
1179 477 1267 559 XVI,

155 605 188 670 p.
211 585 262 654 78.
285 583 358 652 adn.
381 581 447 666 22.)
486 581 554 648 Nec
575 581 658 647 enim
679 582 714 647 in
735 580 913 648 didascalia
933 581 1031 648 verba
1044 599 1118 664 ,non
1134 586 1183 647 est
1197 581 1264 666 pla·

159 685 232 751 eita‘
256 685 292 767 (l.
316 686 359 764 8.)
382 689 414 749 et
434 681 575 768 ,placuit‘
601 683 636 764 (l.
666 682 733 768 12.)
759 701 818 769 per
844 703 880 751 se
901 682 1171 762 desiderarentur,
1197 701 1268 748 eum

157 785 198 852 de
220 790 335 852 eventu
355 785 476 870 primae
498 785 631 852 actionis
653 785 733 852 nihil
754 786 938 853 adnotatum
960 785 1010 867 sit,
1033 791 1066 851 et
1090 783 1124 850 in
1153 783 1266 850 ceteris

158 886 320 955 codicibus
341 887 440 954 verba
461 906 533 966 ,non
555 893 609 954 est
625 888 777 973 paracta:
804 890 875 956 loco
900 907 964 954 non
985 885 1185 954 convenienti
1209 904 1266 969 po-

157 988 221 1056 sita
250 986 486 1073 interpolationi
521 987 689 1056 debentur:
731 989 793 1057 huc
834 989 958 1057 accedit
992 988 1076 1072 quod
1116 985 1266 1054 Donatus

156 1094 299 1171 eventus,
315 1108 377 1172 quo
398 1089 508 1156 fabula
528 1096 602 1157 acte
623 1091 673 1176 sit,
695 1093 800 1160 verbis
821 1099 882 1178 ,est
904 1088 1133 1160 commendata‘
1155 1107 1267 1174 excep
1364 1173 1368 1180 .

156 1192 198 1258 tis
220 1211 377 1275 nusquam
399 1192 589 1258 mentionem
610 1193 695 1263 facit.
1047 1263 1054 1282 ,

240 1292 398 1376 Sequitur,
420 1299 456 1360 ut
469 1292 510 1360 de
524 1295 693 1379 actoribus,
716 1296 770 1379 qui
791 1295 824 1361 in
845 1294 997 1362 Bembino
1018 1296 1051 1375 (l.
1075 1293 1140 1375 12.)
1168 1293 1266 1360 nomi·

154 1400 277 1476 mentm,
304 1394 505 1462 statuendum
527 1396 578 1466 sit.
622 1397 777 1464 Fabulam
798 1404 904 1465 autem
926 1417 946 1462 a
968 1396 1089 1464 duobus
1108 1393 1266 1462 actoribus

154 1511 228 1580 lseu
248 1495 383 1563 dominis
409 1497 531 1581 gregis)
559 1504 663 1565 actam
686 1519 759 1567 esse
781 1521 851 1567 cum
865 1501 1064 1568 Dciatukone
1084 1518 1177 1583 nego,
1206 1496 1265 1564 sed
1391 1501 1395 1508 '

154 1599 287 1666 alterum
301 1605 440 1665 acmrem
454 1597 498 1664 ad
513 1598 657 1668 diversas
672 1602 814 1669 actiones
828 1603 954 1669 fabulae
968 1600 1167 1667 referendum
1181 1617 1264 1681 esse,

155 1700 240 1785 quod
260 1701 416 1767 Dciatzko
437 1702 515 1777 uult,
537 1722 648 1787 parum
669 1703 840 1771 verisimile
863 1709 920 1774 est.
969 1703 1094 1769 Etenim
1122 1701 1150 1768 si
1176 1700 1265 1766 dida·

155 1801 273 1869 scaliae
295 1801 471 1869 tabularum
504 1803 634 1869 Terenti
653 1804 848 1889 inspicimus,
869 1823 966 1871 unum
987 1810 1126 1871 actorem
1147 1801 1267 1868 inueni·

154 1922 225 1969 mus
243 1904 277 1969 in
298 1903 482 1972 didascaliis
504 1905 651 1990 Hecyrae
678 1907 778 1992 (apud
800 1904 973 1992 Donatum)
995 1911 1027 1972 et
1047 1904 1264 1971 Hantontimo·
1332 1947 1334 1952 -

153 2004 276 2070 numeni
295 2004 343 2089 (in
365 2005 433 2074 cod.
456 2006 632 2090 Bembino),
655 2029 725 2075 cum
747 2010 780 2074 in
801 2009 910 2076 codiee
925 2006 1076 2073 Bembino
1098 2005 1195 2072 verba
1215 2005 1263 2080 ‚L.

155 2106 298 2192 Sergins‘
319 2108 352 2174 in
374 2107 551 2174 didascalia
573 2105 720 2195 Hecyrae
747 2131 812 2176 non
844 2109 946 2176 minus
973 2114 1083 2193 aperte
1109 2124 1204 2191 quam
1229 2106 1264 2172 in

153 2209 294 2279 adnotat.
317 2207 438 2275 Donati
459 2209 502 2275 ad
523 2211 600 2280 Heo.
623 2212 648 2296 I,
673 2209 701 2281 1.
724 2211 803 2278 illud
823 2218 867 2296 ‚et
887 2212 934 2280 Ic‘
956 2209 1068 2276 vitiata
1089 2209 1161 2277 sint.
1198 2206 1264 2274 Sed

153 2310 237 2394 inde,
259 2310 344 2394 quod
365 2311 398 2376 in
425 2311 472 2377 eis
500 2311 674 2396 codicibus,
709 2333 788 2396 quoe
816 2311 990 2397 Galliopius
1019 2315 1104 2377 certo
1131 2308 1263 2377 consilio

154 2413 321 2495 recensuit,
344 2412 406 2478 duo
427 2418 551 2479 actores
573 2432 700 2498 semper
721 2415 930 2495 nominentur,
952 2412 1031 2478 nihil
1058 2411 1174 2496 conligi
1206 2431 1263 2496 po-

150 2519 222 2584 test.
254 2515 367 2598 ltaque
388 2533 457 2589 nos,
480 2534 550 2581 cum
572 2513 737 2581 videamus
756 2514 950 2581 didascalico
965 2515 1111 2598 Hecyrae
1134 2517 1165 2579 et
1178 2511 1264 2578 Hau·

150 2616 391 2683 ontimorumeni
411 2616 445 2682 in
466 2614 527 2681 hac
547 2634 584 2682 re
606 2614 799 2700 singularem
820 2617 925 2682 locum
946 2622 1054 2682 tenere
1075 2620 1161 2681 recte
1191 2613 1262 2680 sine

151 2717 258 2786 dubio·
273 2719 333 2785 hoc
349 2717 517 2784 discrimen
532 2716 574 2783 ad
595 2716 640 2793 id,
663 2716 748 2800 quod
761 2716 843 2783 inter
856 2718 1005 2802 prologos
1020 2716 1131 2783 harum
1142 2714 1262 2781 tabula*

149 2841 219 2886 rum
244 2825 276 2886 et
304 2819 386 2885 inter
412 2826 587 2906 ceterarum
613 2819 753 2900 interest,
768 2817 949 2887 reseremus.
982 2818 1137 2902 Prologus
1166 2817 1259 2892 enim,

151 2941 221 2988 cum
236 2927 291 2987 aut
304 2940 324 2986 a
339 2921 465 2989 domino
480 2922 597 3006 gregis,
613 2921 642 2988 si
657 2921 784 3004 quidem
798 2919 987 2987 adulescens
1002 2925 1080 2995 erat,
1096 2923 1152 2985 aut
1164 2913 1206 2985 ab
1221 2937 1261 2986 eo

149 3027 266 3104 actore,
288 3022 343 3104 qui
362 3021 480 3107 primas
503 3025 611 3109 partes
631 3021 845 3089 adulescentis
860 3021 893 3086 in
911 3020 1020 3087 tabula
1038 3021 1170 3105 agebat,
1190 3039 1261 3106 pro·

149 3123 287 3188 nuntiari
302 3123 427 3209 soleret,
442 3132 477 3190 ut
496 3144 593 3224 supra
609 3123 903 3206 demonstravimus,
925 3128 1042 3189 etcum
1057 3127 1185 3207 propter
1198 3122 1261 3188 sin·

148 3225 260 3310 gulare
279 3245 381 3310 genus
395 3228 596 3312 prologornm
611 3225 739 3310 Terenti
753 3223 822 3290 fieri
841 3244 906 3290 non
925 3231 1043 3309 posset,
1064 3222 1139 3306 quin
1158 3221 1260 3307 prolo-

148 3347 208 3412 gus
229 3327 357 3394 omnino
377 3329 418 3394 ab
432 3335 539 3395 actore
553 3326 822 3414 pronuntiaretur,
838 3326 888 3391 cui
903 3331 935 3392 et
948 3331 1062 3410 pottae
1082 3330 1115 3390 et
1137 3329 1261 3409 specta·

148 3433 233 3495 tores
264 3427 470 3512 confiderent,
506 3429 649 3498 videmur
675 3428 762 3496 haud
788 3427 896 3513 inepte
923 3427 1079 3506 conicere,
1110 3425 1194 3492 hunc
1207 3445 1259 3492 ac·
1301 3513 1303 3516 Ι

150 3533 259 3614 torem,
275 3535 401 3616 praeter
416 3537 537 3601 ceteros
556 3531 772 3612 excellentem,
793 3528 925 3614 dignum
944 3527 1086 3594 habitum
1106 3545 1188 3602 esse,
1206 3526 1261 3610 qui

149 3630 285 3698 inlibris
300 3633 523 3719 manuscriptis
539 3639 679 3700 actorum
700 3650 758 3698 seu
778 3631 811 3697 in
831 3628 1016 3698 didascaliis
1037 3628 1260 3697 nominaretur.

151 3729 222 3812 Qua
245 3733 426 3800 coniectura
445 3735 579 3820 probata
602 3733 696 3801 iacile
720 3730 915 3817 intelligitur,
942 3752 996 3798 cur
1019 3731 1051 3798 iu
1075 3729 1259 3798 didascaliis

152 3833 300 3919 Hecyrae
329 3841 362 3901 et
386 3834 711 3904 Hautontimorumeni
744 3852 825 3904 unus
851 3839 974 3903 tautum
1003 3838 1092 3902 actor
1120 3831 1260 3903 nominu-

150 3940 203 4002 tus
228 3934 279 4006 sit.
