2896 4460
586 319 798 388 ..29-

32 511 35 516 ·
137 465 201 557 tam
228 509 310 560 esse.
359 482 559 572 Quamquam
585 487 667 553 haec
692 485 881 552 Wilmannsi
910 486 1090 554 coniectura
1122 489 1249 573 probari

135 596 338 677 conpotem,
360 589 443 657 ratio
465 588 524 655 viri
546 587 630 655 docti
651 587 859 672 improbanda
881 593 988 654 tamen
1007 610 1073 656 non
1094 598 1153 662 est.

220 692 307 760 Nihil
327 691 424 776 igitur
443 695 543 757 restat
563 689 626 756 nisi
646 697 681 754 ut
699 688 864 754 credamus
885 689 1044 776 Hecyram
1066 690 1249 761 breviante

136 795 323 862 Eunuchum
343 795 477 860 relatam
497 773 594 874 esse,
628 790 713 874 quod
744 811 782 857 eo
802 791 996 876 probabilius
1019 798 1082 878 est,
1113 795 1188 878 qnia
1209 813 1250 861 ex

135 897 268 982 prologo
288 895 414 964 Phorm.
437 893 480 981 (v.
503 893 571 979 33.)
594 894 711 978 conligi
732 893 871 970 videtur,
893 915 990 960 unam
1010 896 1168 964 actionem
1188 897 1249 964 Eu·

135 993 246 1081 nuchi,
272 1018 338 1064 non
363 998 443 1064 duas
473 995 815 1081 (Hautontimorumeni
838 1004 871 1062 et
891 996 1064 1084 Eunuchi),
1094 999 1177 1065 inter
1197 1018 1249 1066 ac·

136 1100 254 1166 tionem
275 1099 473 1166 Phormionis
496 1106 529 1166 et
548 1099 697 1184 Hecyrae
723 1099 953 1169 intercessisse.
997 1099 1099 1178 Quam
1127 1102 1249 1182 coniec-

136 1209 239 1267 turam
260 1201 400 1287 amplexi
419 1222 484 1269 non
506 1201 693 1286 negabimus
715 1199 795 1266 illud
815 1202 935 1285 ,saepe‘
957 1201 1082 1272 facilius
1113 1221 1170 1287 pro
1193 1208 1252 1286 ,ter

141 1301 223 1386 dici,
257 1303 444 1388 praesertim
468 1324 538 1369 cum
560 1303 754 1389 comparatio
776 1305 832 1368 liat
858 1323 929 1369 oum
956 1303 1028 1369 aliis
1049 1303 1167 1371 fabulis
1189 1306 1250 1372 Ta·

137 1403 301 1486 rentianis,
324 1424 406 1488 quae
428 1424 537 1471 omnes
560 1405 694 1491 primum
717 1410 881 1472 steterunt.
925 1404 1009 1483 Quid
1030 1407 1158 1473 autem?
1185 1407 1250 1474 He-

138 1525 247 1590 cyram
268 1525 310 1572 ne
331 1513 474 1590 quartum
503 1507 630 1591 quidem
656 1512 819 1590 peractam
846 1525 919 1572 esse
940 1507 1104 1591 Volcatius
1126 1508 1250 1595 Sedigi-

29 1625 38 1652 ’-
139 1615 191 1673 tus
224 1606 399 1690 contendit,
437 1609 492 1692 qui
524 1608 698 1676 secundum
736 1607 988 1675 emendationem
1012 1608 1174 1698 ,Ritscheli
1205 1614 1252 1677 ait

138 1716 244 1794 ,sexta
265 1711 427 1776 exclusast
448 1710 574 1794 sabula‘,
602 1716 699 1792 atque
719 1710 789 1795 ipse
811 1709 955 1776 Donatus
978 1710 1019 1777 de
1040 1718 1169 1796 eventu,
1190 1733 1252 1796 quo

139 1818 298 1897 postremo
324 1811 453 1896 Hecyra
479 1813 519 1878 ab
540 1807 685 1878 Ambivio
713 1818 787 1878 acta
809 1811 859 1894 sit,
881 1833 944 1882 non
971 1812 1103 1880 adnotat
1122 1814 1185 1880 nisi
1205 1814 1251 1881 sa·

140 1913 247 1979 bulam
269 1914 309 1979 ab
330 1911 439 1980 actore
466 1913 719 1980 commendatam
745 1933 828 1984 esse.
871 1915 942 1981 Huc
963 1915 991 1982 si
1012 1915 1188 2000 addideris,
1214 1917 1251 1982 il-

140 2014 195 2080 lud
215 2015 355 2098 ,placuit‘
380 2015 415 2081 in
442 2009 552 2081 codice
573 2014 740 2098 Bembino,
772 2020 808 2080 ιιι
833 2015 985 2098 vidimus,
1015 2016 1252 2102 interpolationi

141 2116 259 2200 debari,
280 2122 415 2201 apparet
435 2116 515 2182 nihil
536 2135 618 2198 esse,
640 2134 695 2182 cur
716 2115 861 2183 Volcatio
882 2117 1071 2188 diffidamus.

226 2218 291 2285 Sed
313 2239 383 2286 oum
405 2224 588 2302 quaeratur,
620 2217 675 2301 qui
694 2217 763 2282 fieri
788 2219 938 2303 potuerit,
969 2225 1005 2285 ut
1030 2227 1094 2288 tres
1124 2221 1251 2290 omnino

141 2320 283 2388 actiones
297 2321 332 2386 in
345 2319 489 2387 omnibus
510 2318 695 2385 didascaliis
717 2329 1046 2406 commemorarentur,
1069 2342 1187 2392 caussa
1208 2342 1249 2392 ex

140 2421 220 2507 ipsis
242 2419 382 2507 prologis
404 2421 529 2487 videtur
549 2419 688 2505 petenda
709 2439 791 2490 esse.
835 2422 1001 2488 Terentius
1022 2430 1129 2490 autem
1147 2431 1252 2493 utrum

141 2542 238 2611 unam
259 2523 415 2590 actionem
443 2523 484 2589 de
506 2523 638 2589 consilio
666 2522 792 2589 silentio
813 2525 1058 2608 praetermiserit
1079 2563 1118 2576 -
1140 2528 1250 2595 nescio

142 2645 186 2690 an
206 2644 277 2691 eam
299 2625 338 2692 ob
359 2643 427 2690 rem
447 2625 481 2690 in
502 2624 602 2690 altero
624 2624 755 2708 prologo
783 2623 958 2692 funambuli
983 2627 1174 2694 mentionem
1195 2648 1251 2714 po·

141 2731 194 2792 eta
225 2747 290 2792 non
316 2725 488 2793 fecerit-
511 2746 553 2792 an
575 2727 691 2792 lacuna
721 2726 755 2792 in
786 2727 886 2794 altero
918 2728 1049 2813 prologo
1081 2730 1252 2798 statuenda

142 2825 197 2902 sit,
231 2827 391 2912 equidem,
424 2827 509 2911 quod
535 2827 568 2894 in
594 2827 777 2913 praesentia
801 2850 859 2914 pro
881 2835 966 2896 certo
988 2829 1155 2916 affirmem,
1187 2853 1252 2900 non

141 2925 254 2998 habeo.

225 3030 299 3098 Jam
331 3029 468 3115 denique
488 3029 616 3116 Hecyra
647 3038 745 3116 quota
775 3032 883 3099 sabula
909 3054 931 3100 a
956 3032 1105 3104 Terentio
1131 3036 1251 3120 scripta

142 3129 193 3215 sit,
214 3151 278 3199 non
298 3133 349 3199 ita·
364 3133 493 3201 difficile
508 3132 705 3217 discernitur,
726 3133 785 3200 sed
806 3133 882 3218 quid
902 3136 1007 3204 verbis
1028 3138 1124 3214 ,iacta
1145 3138 1204 3205 est‘
1216 3138 1251 3205 in

144 3232 329 3302 didascaliis
351 3234 559 3319 significetur,
588 3235 719 3302 difficile
745 3242 795 3303 est
815 3236 915 3304 dictu:
944 3257 1018 3306 nam
1039 3239 1069 3307 si
1088 3243 1187 3309 verba
1207 3243 1251 3309 ad

138 3335 277 3401 tabulam
298 3335 499 3402 scribendam
517 3336 683 3404 referenda
705 3344 827 3417 essent,
855 3339 925 3406 sine
956 3341 1152 3410 dubitatione
1185 3343 1250 3413 He-

139 3456 247 3522 cyram
268 3436 440 3504 secundam
461 3438 578 3504 iactam
601 3459 674 3506 esse
696 3440 935 3526 affirmaremus,
958 3450 1014 3510 aut
1034 3444 1063 3510 si
1084 3445 1169 3512 idem
1183 3447 1250 3515 iera

138 3536 224 3620 quod
243 3539 340 3605 verba
360 3546 502 3624 ,peracta
522 3547 593 3626 est‘,
615 3549 740 3609 sextam
771 3544 888 3610 tactam
919 3565 992 3613 esse
1024 3547 1251 3623 coniceremus.
1344 3543 1350 3554 ’

141 3638 227 3706 lllud
247 3659 305 3707 nos
328 3639 457 3708 credero
483 3641 583 3710 mrdta
610 3652 733 3729 vetant,
764 3646 839 3731 hoo,
870 3646 955 3731 quod
975 3647 1166 3717 Ritsohelius
1200 3671 1253 3720 su·

141 3740 282 3825 spiratus
305 3746 367 3826 est,
393 3763 457 3818 non
477 3744 581 3830 magis
602 3746 748 3832 accipere
768 3747 860 3816 nobis
880 3749 969 3834 licat,
1001 3750 1086 3834 quod
1112 3757 1145 3818 et
1165 3753 1250 3822 aliae

138 3843 267 3910 obstant
286 3843 490 3914 difficultates
512 3845 565 3932 (cf.
584 3866 664 3918 mus.
686 3849 831 3917 Rhenan.
850 3851 923 3917 XX.
945 3871 977 3937 p.
999 3850 1088 3936 598.)
1108 3873 1168 3922 neo
1181 3853 1252 3926 fieri

129 3951 272 4032 poterat,
293 3953 329 4016 ιιι
349 3947 382 4015 in
403 3949 548 4018 omnibus
571 3949 733 4021 codicibus
753 3951 892 4041 adelphi
918 3953 1027 4024 tabula
1052 3963 1159 4038 sexta,
1185 3957 1249 4034 He-
